{
  "symbol": "AMD",
  "annualReports": [
    {
      "fiscalDateEnding": "2019-12-31",
      "reportedCurrency": "USD",
      "totalRevenue": "6731000000",
      "totalOperatingExpense": "2237000000",
      "costOfRevenue": "3863000000",
      "grossProfit": "2868000000",
      "ebit": "466000000",
      "netIncome": "341000000",
      "researchAndDevelopment": "1547000000",
      "effectOfAccountingCharges": "None",
      "incomeBeforeTax": "372000000",
      "minorityInterest": "None",
      "sellingGeneralAdministrative": "750000000",
      "otherNonOperatingIncome": "-165000000",
      "operatingIncome": "631000000",
      "otherOperatingExpense": "-60000000",
      "interestExpense": "94000000",
      "taxProvision": "31000000",
      "interestIncome": "15000000",
      "netInterestIncome": "-79000000",
      "extraordinaryItems": "13000000",
      "nonRecurring": "None",
      "otherItems": "None",
      "incomeTaxExpense": "31000000",
      "totalOtherIncomeExpense": "-180000000",
      "discontinuedOperations": "None",
      "netIncomeFromContinuingOperations": "341000000",
      "netIncomeApplicableToCommonShares": "341000000",
      "preferredStockAndOtherAdjustments": "None"
    },
    {
      "fiscalDateEnding": "2018-12-31",
      "reportedCurrency": "USD",
      "totalRevenue": "6475000000",
      "totalOperatingExpense": "1996000000",
      "costOfRevenue": "4028000000",
      "grossProfit": "2447000000",
      "ebit": "449000000",
      "netIncome": "337000000",
      "researchAndDevelopment": "1434000000",
      "effectOfAccountingCharges": "None",
      "incomeBeforeTax": "330000000",
      "minorityInterest": "None",
      "sellingGeneralAdministrative": "562000000",
      "otherNonOperatingIncome": "-2000000",
      "operatingIncome": "451000000",
      "otherOperatingExpense": "-60000000",
      "interestExpense": "121000000",
      "taxProvision": "-9000000",
      "interestIncome": "18000000",
      "netInterestIncome": "-103000000",
      "extraordinaryItems": "-13000000",
      "nonRecurring": "None",
      "otherItems": "None",
      "incomeTaxExpense": "-9000000",
      "totalOtherIncomeExpense": "-18000000",
      "discontinuedOperations": "None",
      "netIncomeFromContinuingOperations": "339000000",
      "netIncomeApplicableToCommonShares": "337000000",
      "preferredStockAndOtherAdjustments": "None"
    },
    {
      "fiscalDateEnding": "2017-12-31",
      "reportedCurrency": "USD",
      "totalRevenue": "5329000000",
      "totalOperatingExpense": "1619000000",
      "costOfRevenue": "3506000000",
      "grossProfit": "1823000000",
      "ebit": "188000000",
      "netIncome": "43000000",
      "researchAndDevelopment": "1160000000",
      "effectOfAccountingCharges": "None",
      "incomeBeforeTax": "69000000",
      "minorityInterest": "None",
      "sellingGeneralAdministrative": "459000000",
      "otherNonOperatingIncome": "-16000000",
      "operatingIncome": "204000000",
      "otherOperatingExpense": "-52000000",
      "interestExpense": "126000000",
      "taxProvision": "19000000",
      "interestIncome": "6000000",
      "netInterestIncome": "-120000000",
      "extraordinaryItems": "1130000000",
      "nonRecurring": "None",
      "otherItems": "None",
      "incomeTaxExpense": "19000000",
      "totalOtherIncomeExpense": "-15000000",
      "discontinuedOperations": "None",
      "netIncomeFromContinuingOperations": "50000000",
      "netIncomeApplicableToCommonShares": "43000000",
      "preferredStockAndOtherAdjustments": "None"
    },
    {
      "fiscalDateEnding": "2016-12-31",
      "reportedCurrency": "USD",
      "totalRevenue": "4272000000",
      "totalOperatingExpense": "1370000000",
      "costOfRevenue": "3274000000",
      "grossProfit": "998000000",
      "ebit": "-302000000",
      "netIncome": "-497000000",
      "researchAndDevelopment": "1008000000",
      "effectOfAccountingCharges": "None",
      "incomeBeforeTax": "-448000000",
      "minorityInterest": "None",
      "sellingGeneralAdministrative": "372000000",
      "otherNonOperatingIncome": "70000000",
      "operatingIncome": "-372000000",
      "otherOperatingExpense": "-10000000",
      "interestExpense": "156000000",
      "taxProvision": "39000000",
      "interestIncome": "2000000",
      "netInterestIncome": "-154000000",
      "extraordinaryItems": "None",
      "nonRecurring": "-10000000",
      "otherItems": "None",
      "incomeTaxExpense": "39000000",
      "totalOtherIncomeExpense": "88000000",
      "discontinuedOperations": "None",
      "netIncomeFromContinuingOperations": "-487000000",
      "netIncomeApplicableToCommonShares": "-497000000",
      "preferredStockAndOtherAdjustments": "None"
    },
    {
      "fiscalDateEnding": "2015-12-31",
      "reportedCurrency": "USD",
      "totalRevenue": "3991000000",
      "totalOperatingExpense": "1561000000",
      "costOfRevenue": "2911000000",
      "grossProfit": "1080000000",
      "ebit": "-486000000",
      "netIncome": "-660000000",
      "researchAndDevelopment": "947000000",
      "effectOfAccountingCharges": "None",
      "incomeBeforeTax": "-646000000",
      "minorityInterest": "None",
      "sellingGeneralAdministrative": "482000000",
      "otherNonOperatingIncome": "-5000000",
      "operatingIncome": "-481000000",
      "otherOperatingExpense": "132000000",
      "interestExpense": "160000000",
      "taxProvision": "14000000",
      "interestIncome": "-163000000",
      "netInterestIncome": "None",
      "extraordinaryItems": "None",
      "nonRecurring": "129000000",
      "otherItems": "None",
      "incomeTaxExpense": "14000000",
      "totalOtherIncomeExpense": "-294000000",
      "discontinuedOperations": "None",
      "netIncomeFromContinuingOperations": "-660000000",
      "netIncomeApplicableToCommonShares": "-660000000",
      "preferredStockAndOtherAdjustments": "None"
    }
  ],
  "quarterlyReports": [
    {
      "fiscalDateEnding": "2020-06-30",
      "reportedCurrency": "USD",
      "totalRevenue": "1932000000",
      "totalOperatingExpense": "675000000",
      "costOfRevenue": "1084000000",
      "grossProfit": "848000000",
      "ebit": "175000000",
      "netIncome": "157000000",
      "researchAndDevelopment": "460000000",
      "effectOfAccountingCharges": "None",
      "incomeBeforeTax": "160000000",
      "minorityInterest": "None",
      "sellingGeneralAdministrative": "215000000",
      "otherNonOperatingIncome": "2000000",
      "operatingIncome": "173000000",
      "otherOperatingExpense": "None",
      "interestExpense": "14000000",
      "taxProvision": "4000000",
      "interestIncome": "-14000000",
      "netInterestIncome": "-14000000",
      "extraordinaryItems": "None",
      "nonRecurring": "None",
      "otherItems": "None",
      "incomeTaxExpense": "4000000",
      "totalOtherIncomeExpense": "1000000",
      "discontinuedOperations": "None",
      "netIncomeFromContinuingOperations": "156000000",
      "netIncomeApplicableToCommonShares": "157000000",
      "preferredStockAndOtherAdjustments": "None"
    },
    {
      "fiscalDateEnding": "2020-03-31",
      "reportedCurrency": "USD",
      "totalRevenue": "1786000000",
      "totalOperatingExpense": "641000000",
      "costOfRevenue": "968000000",
      "grossProfit": "818000000",
      "ebit": "181000000",
      "netIncome": "162000000",
      "researchAndDevelopment": "442000000",
      "effectOfAccountingCharges": "None",
      "incomeBeforeTax": "168000000",
      "minorityInterest": "None",
      "sellingGeneralAdministrative": "199000000",
      "otherNonOperatingIncome": "4000000",
      "operatingIncome": "177000000",
      "otherOperatingExpense": "None",
      "interestExpense": "13000000",
      "taxProvision": "6000000",
      "interestIncome": "None",
      "netInterestIncome": "-13000000",
      "extraordinaryItems": "None",
      "nonRecurring": "None",
      "otherItems": "None",
      "incomeTaxExpense": "6000000",
      "totalOtherIncomeExpense": "4000000",
      "discontinuedOperations": "None",
      "netIncomeFromContinuingOperations": "162000000",
      "netIncomeApplicableToCommonShares": "162000000",
      "preferredStockAndOtherAdjustments": "None"
    },
    {
      "fiscalDateEnding": "2019-12-31",
      "reportedCurrency": "USD",
      "totalRevenue": "2127000000",
      "totalOperatingExpense": "601000000",
      "costOfRevenue": "1178000000",
      "grossProfit": "949000000",
      "ebit": "223000000",
      "netIncome": "170000000",
      "researchAndDevelopment": "395000000",
      "effectOfAccountingCharges": "None",
      "incomeBeforeTax": "205000000",
      "minorityInterest": "None",
      "sellingGeneralAdministrative": "266000000",
      "otherNonOperatingIncome": "-125000000",
      "operatingIncome": "348000000",
      "otherOperatingExpense": "-60000000",
      "interestExpense": "18000000",
      "taxProvision": "35000000",
      "interestIncome": "None",
      "netInterestIncome": "-3000000",
      "extraordinaryItems": "13000000",
      "nonRecurring": "None",
      "otherItems": "None",
      "incomeTaxExpense": "35000000",
      "totalOtherIncomeExpense": "-140000000",
      "discontinuedOperations": "None",
      "netIncomeFromContinuingOperations": "170000000",
      "netIncomeApplicableToCommonShares": "170000000",
      "preferredStockAndOtherAdjustments": "None"
    },
    {
      "fiscalDateEnding": "2019-09-30",
      "reportedCurrency": "USD",
      "totalRevenue": "1801000000",
      "totalOperatingExpense": "591000000",
      "costOfRevenue": "1024000000",
      "grossProfit": "777000000",
      "ebit": "151000000",
      "netIncome": "120000000",
      "researchAndDevelopment": "406000000",
      "effectOfAccountingCharges": "None",
      "incomeBeforeTax": "126000000",
      "minorityInterest": "None",
      "sellingGeneralAdministrative": "185000000",
      "otherNonOperatingIncome": "-35000000",
      "operatingIncome": "186000000",
      "otherOperatingExpense": "None",
      "interestExpense": "24000000",
      "taxProvision": "7000000",
      "interestIncome": "None",
      "netInterestIncome": "-24000000",
      "extraordinaryItems": "None",
      "nonRecurring": "None",
      "otherItems": "None",
      "incomeTaxExpense": "7000000",
      "totalOtherIncomeExpense": "-36000000",
      "discontinuedOperations": "None",
      "netIncomeFromContinuingOperations": "119000000",
      "netIncomeApplicableToCommonShares": "120000000",
      "preferredStockAndOtherAdjustments": "None"
    },
    {
      "fiscalDateEnding": "2019-06-30",
      "reportedCurrency": "USD",
      "totalRevenue": "1531000000",
      "totalOperatingExpense": "562000000",
      "costOfRevenue": "910000000",
      "grossProfit": "621000000",
      "ebit": "62000000",
      "netIncome": "35000000",
      "researchAndDevelopment": "373000000",
      "effectOfAccountingCharges": "None",
      "incomeBeforeTax": "37000000",
      "minorityInterest": "None",
      "sellingGeneralAdministrative": "189000000",
      "otherNonOperatingIncome": "3000000",
      "operatingIncome": "59000000",
      "otherOperatingExpense": "None",
      "interestExpense": "25000000",
      "taxProvision": "2000000",
      "interestIncome": "None",
      "netInterestIncome": "-25000000",
      "extraordinaryItems": "None",
      "nonRecurring": "None",
      "otherItems": "None",
      "incomeTaxExpense": "2000000",
      "totalOtherIncomeExpense": "3000000",
      "discontinuedOperations": "None",
      "netIncomeFromContinuingOperations": "35000000",
      "netIncomeApplicableToCommonShares": "35000000",
      "preferredStockAndOtherAdjustments": "None"
    },
    {
      "fiscalDateEnding": "2019-03-31",
      "reportedCurrency": "USD",
      "totalRevenue": "1272000000",
      "totalOperatingExpense": "483000000",
      "costOfRevenue": "751000000",
      "grossProfit": "521000000",
      "ebit": "30000000",
      "netIncome": "16000000",
      "researchAndDevelopment": "373000000",
      "effectOfAccountingCharges": "None",
      "incomeBeforeTax": "4000000",
      "minorityInterest": "None",
      "sellingGeneralAdministrative": "110000000",
      "otherNonOperatingIncome": "-8000000",
      "operatingIncome": "38000000",
      "otherOperatingExpense": "-60000000",
      "interestExpense": "27000000",
      "taxProvision": "-13000000",
      "interestIncome": "None",
      "netInterestIncome": "-27000000",
      "extraordinaryItems": "None",
      "nonRecurring": "None",
      "otherItems": "None",
      "incomeTaxExpense": "-13000000",
      "totalOtherIncomeExpense": "-7000000",
      "discontinuedOperations": "None",
      "netIncomeFromContinuingOperations": "17000000",
      "netIncomeApplicableToCommonShares": "16000000",
      "preferredStockAndOtherAdjustments": "None"
    },
    {
      "fiscalDateEnding": "2018-12-31",
      "reportedCurrency": "USD",
      "totalRevenue": "1419000000",
      "totalOperatingExpense": "509000000",
      "costOfRevenue": "882000000",
      "grossProfit": "537000000",
      "ebit": "32000000",
      "netIncome": "38000000",
      "researchAndDevelopment": "371000000",
      "effectOfAccountingCharges": "0",
      "incomeBeforeTax": "3000000",
      "minorityInterest": "0",
      "sellingGeneralAdministrative": "138000000",
      "otherNonOperatingIncome": "4000000",
      "operatingIncome": "28000000",
      "otherOperatingExpense": "-60000000",
      "interestExpense": "29000000",
      "taxProvision": "None",
      "interestIncome": "None",
      "netInterestIncome": "None",
      "extraordinaryItems": "-13000000",
      "nonRecurring": "0",
      "otherItems": "0",
      "incomeTaxExpense": "-35000000",
      "totalOtherIncomeExpense": "-70000000",
      "discontinuedOperations": "0",
      "netIncomeFromContinuingOperations": "38000000",
      "netIncomeApplicableToCommonShares": "38000000",
      "preferredStockAndOtherAdjustments": "None"
    },
    {
      "fiscalDateEnding": "2018-09-30",
      "reportedCurrency": "USD",
      "totalRevenue": "1653000000",
      "totalOperatingExpense": "511000000",
      "costOfRevenue": "992000000",
      "grossProfit": "661000000",
      "ebit": "144000000",
      "netIncome": "102000000",
      "researchAndDevelopment": "363000000",
      "effectOfAccountingCharges": "0",
      "incomeBeforeTax": "114000000",
      "minorityInterest": "0",
      "sellingGeneralAdministrative": "148000000",
      "otherNonOperatingIncome": "-6000000",
      "operatingIncome": "150000000",
      "otherOperatingExpense": "-60000000",
      "interestExpense": "30000000",
      "taxProvision": "None",
      "interestIncome": "None",
      "netInterestIncome": "None",
      "extraordinaryItems": "0",
      "nonRecurring": "0",
      "otherItems": "0",
      "incomeTaxExpense": "12000000",
      "totalOtherIncomeExpense": "-36000000",
      "discontinuedOperations": "0",
      "netIncomeFromContinuingOperations": "102000000",
      "netIncomeApplicableToCommonShares": "102000000",
      "preferredStockAndOtherAdjustments": "None"
    },
    {
      "fiscalDateEnding": "2018-06-30",
      "reportedCurrency": "USD",
      "totalRevenue": "1756000000",
      "totalOperatingExpense": "499000000",
      "costOfRevenue": "1104000000",
      "grossProfit": "652000000",
      "ebit": "153000000",
      "netIncome": "116000000",
      "researchAndDevelopment": "357000000",
      "effectOfAccountingCharges": "0",
      "incomeBeforeTax": "123000000",
      "minorityInterest": "0",
      "sellingGeneralAdministrative": "142000000",
      "otherNonOperatingIncome": "None",
      "operatingIncome": "153000000",
      "otherOperatingExpense": "-60000000",
      "interestExpense": "31000000",
      "taxProvision": "None",
      "interestIncome": "None",
      "netInterestIncome": "None",
      "extraordinaryItems": "0",
      "nonRecurring": "0",
      "otherItems": "0",
      "incomeTaxExpense": "6000000",
      "totalOtherIncomeExpense": "-31000000",
      "discontinuedOperations": "0",
      "netIncomeFromContinuingOperations": "117000000",
      "netIncomeApplicableToCommonShares": "116000000",
      "preferredStockAndOtherAdjustments": "None"
    },
    {
      "fiscalDateEnding": "2018-03-31",
      "reportedCurrency": "USD",
      "totalRevenue": "1647000000",
      "totalOperatingExpense": "477000000",
      "costOfRevenue": "1050000000",
      "grossProfit": "597000000",
      "ebit": "120000000",
      "netIncome": "81000000",
      "researchAndDevelopment": "343000000",
      "effectOfAccountingCharges": "0",
      "incomeBeforeTax": "90000000",
      "minorityInterest": "0",
      "sellingGeneralAdministrative": "134000000",
      "otherNonOperatingIncome": "None",
      "operatingIncome": "120000000",
      "otherOperatingExpense": "0",
      "interestExpense": "31000000",
      "taxProvision": "None",
      "interestIncome": "None",
      "netInterestIncome": "None",
      "extraordinaryItems": "0",
      "nonRecurring": "0",
      "otherItems": "0",
      "incomeTaxExpense": "8000000",
      "totalOtherIncomeExpense": "-31000000",
      "discontinuedOperations": "0",
      "netIncomeFromContinuingOperations": "82000000",
      "netIncomeApplicableToCommonShares": "81000000",
      "preferredStockAndOtherAdjustments": "None"
    },
    {
      "fiscalDateEnding": "2017-12-31",
      "reportedCurrency": "USD",
      "totalRevenue": "1480000000",
      "totalOperatingExpense": "433000000",
      "costOfRevenue": "965000000",
      "grossProfit": "515000000",
      "ebit": "84000000",
      "netIncome": "61000000",
      "researchAndDevelopment": "300000000",
      "effectOfAccountingCharges": "0",
      "incomeBeforeTax": "53000000",
      "minorityInterest": "0",
      "sellingGeneralAdministrative": "133000000",
      "otherNonOperatingIncome": "2000000",
      "operatingIncome": "82000000",
      "otherOperatingExpense": "-75000000",
      "interestExpense": "31000000",
      "taxProvision": "None",
      "interestIncome": "None",
      "netInterestIncome": "None",
      "extraordinaryItems": "0",
      "nonRecurring": "0",
      "otherItems": "0",
      "incomeTaxExpense": "-8000000",
      "totalOtherIncomeExpense": "-142000000",
      "discontinuedOperations": "0",
      "netIncomeFromContinuingOperations": "61000000",
      "netIncomeApplicableToCommonShares": "61000000",
      "preferredStockAndOtherAdjustments": "None"
    },
    {
      "fiscalDateEnding": "2017-09-30",
      "reportedCurrency": "USD",
      "totalRevenue": "1643000000",
      "totalOperatingExpense": "447000000",
      "costOfRevenue": "1070000000",
      "grossProfit": "573000000",
      "ebit": "121000000",
      "netIncome": "71000000",
      "researchAndDevelopment": "315000000",
      "effectOfAccountingCharges": "0",
      "incomeBeforeTax": "92000000",
      "minorityInterest": "0",
      "sellingGeneralAdministrative": "132000000",
      "otherNonOperatingIncome": "-5000000",
      "operatingIncome": "126000000",
      "otherOperatingExpense": "-6000000",
      "interestExpense": "31000000",
      "taxProvision": "None",
      "interestIncome": "None",
      "netInterestIncome": "None",
      "extraordinaryItems": "0",
      "nonRecurring": "0",
      "otherItems": "0",
      "incomeTaxExpense": "19000000",
      "totalOtherIncomeExpense": "0",
      "discontinuedOperations": "0",
      "netIncomeFromContinuingOperations": "73000000",
      "netIncomeApplicableToCommonShares": "71000000",
      "preferredStockAndOtherAdjustments": "None"
    },
    {
      "fiscalDateEnding": "2017-06-30",
      "reportedCurrency": "USD",
      "totalRevenue": "1222000000",
      "totalOperatingExpense": "379000000",
      "costOfRevenue": "818000000",
      "grossProfit": "404000000",
      "ebit": "19000000",
      "netIncome": "-16000000",
      "researchAndDevelopment": "279000000",
      "effectOfAccountingCharges": "0",
      "incomeBeforeTax": "-10000000",
      "minorityInterest": "0",
      "sellingGeneralAdministrative": "100000000",
      "otherNonOperatingIncome": "-6000000",
      "operatingIncome": "25000000",
      "otherOperatingExpense": "56000000",
      "interestExpense": "32000000",
      "taxProvision": "None",
      "interestIncome": "None",
      "netInterestIncome": "None",
      "extraordinaryItems": "0",
      "nonRecurring": "0",
      "otherItems": "0",
      "incomeTaxExpense": "3000000",
      "totalOtherIncomeExpense": "0",
      "discontinuedOperations": "0",
      "netIncomeFromContinuingOperations": "-13000000",
      "netIncomeApplicableToCommonShares": "-16000000",
      "preferredStockAndOtherAdjustments": "None"
    },
    {
      "fiscalDateEnding": "2017-03-31",
      "reportedCurrency": "USD",
      "totalRevenue": "984000000",
      "totalOperatingExpense": "360000000",
      "costOfRevenue": "653000000",
      "grossProfit": "331000000",
      "ebit": "-36000000",
      "netIncome": "-73000000",
      "researchAndDevelopment": "266000000",
      "effectOfAccountingCharges": "0",
      "incomeBeforeTax": "-66000000",
      "minorityInterest": "0",
      "sellingGeneralAdministrative": "94000000",
      "otherNonOperatingIncome": "-7000000",
      "operatingIncome": "-29000000",
      "otherOperatingExpense": "-27000000",
      "interestExpense": "32000000",
      "taxProvision": "None",
      "interestIncome": "None",
      "netInterestIncome": "None",
      "extraordinaryItems": "0",
      "nonRecurring": "0",
      "otherItems": "0",
      "incomeTaxExpense": "5000000",
      "totalOtherIncomeExpense": "0",
      "discontinuedOperations": "0",
      "netIncomeFromContinuingOperations": "-71000000",
      "netIncomeApplicableToCommonShares": "-73000000",
      "preferredStockAndOtherAdjustments": "None"
    },
    {
      "fiscalDateEnding": "2016-12-31",
      "reportedCurrency": "USD",
      "totalRevenue": "1106000000",
      "totalOperatingExpense": "354000000",
      "costOfRevenue": "755000000",
      "grossProfit": "351000000",
      "ebit": "-12000000",
      "netIncome": "-51000000",
      "researchAndDevelopment": "264000000",
      "effectOfAccountingCharges": "0",
      "incomeBeforeTax": "-44000000",
      "minorityInterest": "0",
      "sellingGeneralAdministrative": "90000000",
      "otherNonOperatingIncome": "-9000000",
      "operatingIncome": "-3000000",
      "otherOperatingExpense": "-88000000",
      "interestExpense": "34000000",
      "taxProvision": "None",
      "interestIncome": "None",
      "netInterestIncome": "None",
      "extraordinaryItems": "0",
      "nonRecurring": "-21000000",
      "otherItems": "0",
      "incomeTaxExpense": "5000000",
      "totalOtherIncomeExpense": "-76000000",
      "discontinuedOperations": "0",
      "netIncomeFromContinuingOperations": "-49000000",
      "netIncomeApplicableToCommonShares": "-51000000",
      "preferredStockAndOtherAdjustments": "None"
    },
    {
      "fiscalDateEnding": "2016-09-30",
      "reportedCurrency": "USD",
      "totalRevenue": "1307000000",
      "totalOperatingExpense": "352000000",
      "costOfRevenue": "1248000000",
      "grossProfit": "59000000",
      "ebit": "-361000000",
      "netIncome": "-406000000",
      "researchAndDevelopment": "259000000",
      "effectOfAccountingCharges": "0",
      "incomeBeforeTax": "-397000000",
      "minorityInterest": "0",
      "sellingGeneralAdministrative": "93000000",
      "otherNonOperatingIncome": "-68000000",
      "operatingIncome": "-293000000",
      "otherOperatingExpense": "0",
      "interestExpense": "41000000",
      "taxProvision": "None",
      "interestIncome": "None",
      "netInterestIncome": "None",
      "extraordinaryItems": "0",
      "nonRecurring": "12000000",
      "otherItems": "0",
      "incomeTaxExpense": "4000000",
      "totalOtherIncomeExpense": "0",
      "discontinuedOperations": "0",
      "netIncomeFromContinuingOperations": "-401000000",
      "netIncomeApplicableToCommonShares": "-406000000",
      "preferredStockAndOtherAdjustments": "None"
    },
    {
      "fiscalDateEnding": "2016-06-30",
      "reportedCurrency": "USD",
      "totalRevenue": "1027000000",
      "totalOperatingExpense": "327000000",
      "costOfRevenue": "708000000",
      "grossProfit": "319000000",
      "ebit": "139000000",
      "netIncome": "69000000",
      "researchAndDevelopment": "243000000",
      "effectOfAccountingCharges": "0",
      "incomeBeforeTax": "101000000",
      "minorityInterest": "0",
      "sellingGeneralAdministrative": "91000000",
      "otherNonOperatingIncome": "147000000",
      "operatingIncome": "-8000000",
      "otherOperatingExpense": "-7000000",
      "interestExpense": "41000000",
      "taxProvision": "None",
      "interestIncome": "None",
      "netInterestIncome": "None",
      "extraordinaryItems": "0",
      "nonRecurring": "2000000",
      "otherItems": "0",
      "incomeTaxExpense": "29000000",
      "totalOtherIncomeExpense": "0",
      "discontinuedOperations": "0",
      "netIncomeFromContinuingOperations": "72000000",
      "netIncomeApplicableToCommonShares": "69000000",
      "preferredStockAndOtherAdjustments": "None"
    },
    {
      "fiscalDateEnding": "2016-03-31",
      "reportedCurrency": "USD",
      "totalRevenue": "832000000",
      "totalOperatingExpense": "337000000",
      "costOfRevenue": "563000000",
      "grossProfit": "269000000",
      "ebit": "-68000000",
      "netIncome": "-109000000",
      "researchAndDevelopment": "242000000",
      "effectOfAccountingCharges": "0",
      "incomeBeforeTax": "-108000000",
      "minorityInterest": "0",
      "sellingGeneralAdministrative": "98000000",
      "otherNonOperatingIncome": "None",
      "operatingIncome": "-68000000",
      "otherOperatingExpense": "-3000000",
      "interestExpense": "40000000",
      "taxProvision": "None",
      "interestIncome": "None",
      "netInterestIncome": "None",
      "extraordinaryItems": "0",
      "nonRecurring": "-3000000",
      "otherItems": "0",
      "incomeTaxExpense": "1000000",
      "totalOtherIncomeExpense": "0",
      "discontinuedOperations": "0",
      "netIncomeFromContinuingOperations": "-109000000",
      "netIncomeApplicableToCommonShares": "-109000000",
      "preferredStockAndOtherAdjustments": "None"
    },
    {
      "fiscalDateEnding": "2015-12-31",
      "reportedCurrency": "USD",
      "totalRevenue": "958000000",
      "totalOperatingExpense": "332000000",
      "costOfRevenue": "675000000",
      "grossProfit": "283000000",
      "ebit": "-51000000",
      "netIncome": "-102000000",
      "researchAndDevelopment": "229000000",
      "effectOfAccountingCharges": "0",
      "incomeBeforeTax": "-92000000",
      "minorityInterest": "0",
      "sellingGeneralAdministrative": "109000000",
      "otherNonOperatingIncome": "-2000000",
      "operatingIncome": "-49000000",
      "otherOperatingExpense": "129000000",
      "interestExpense": "41000000",
      "taxProvision": "None",
      "interestIncome": "None",
      "netInterestIncome": "None",
      "extraordinaryItems": "0",
      "nonRecurring": "129000000",
      "otherItems": "0",
      "incomeTaxExpense": "10000000",
      "totalOtherIncomeExpense": "-294000000",
      "discontinuedOperations": "0",
      "netIncomeFromContinuingOperations": "-102000000",
      "netIncomeApplicableToCommonShares": "-102000000",
      "preferredStockAndOtherAdjustments": "None"
    },
    {
      "fiscalDateEnding": "2015-09-30",
      "reportedCurrency": "USD",
      "totalRevenue": "1061000000",
      "totalOperatingExpense": "397000000",
      "costOfRevenue": "780000000",
      "grossProfit": "239000000",
      "ebit": "-158000000",
      "netIncome": "-197000000",
      "researchAndDevelopment": "241000000",
      "effectOfAccountingCharges": "0",
      "incomeBeforeTax": "-197000000",
      "minorityInterest": "0",
      "sellingGeneralAdministrative": "108000000",
      "otherNonOperatingIncome": "None",
      "operatingIncome": "-158000000",
      "otherOperatingExpense": "0",
      "interestExpense": "39000000",
      "taxProvision": "None",
      "interestIncome": "None",
      "netInterestIncome": "None",
      "extraordinaryItems": "0",
      "nonRecurring": "48000000",
      "otherItems": "0",
      "incomeTaxExpense": "-1000000",
      "totalOtherIncomeExpense": "0",
      "discontinuedOperations": "0",
      "netIncomeFromContinuingOperations": "-197000000",
      "netIncomeApplicableToCommonShares": "-197000000",
      "preferredStockAndOtherAdjustments": "None"
    }
  ]
}
