{"symbol": "A", "annualReports": [{"fiscalDateEnding": "2019-10-31", "reportedCurrency": "USD", "totalRevenue": "5163000000", "totalOperatingExpense": "1864000000", "costOfRevenue": "2358000000", "grossProfit": "2805000000", "ebit": "993000000", "netIncome": "1071000000", "researchAndDevelopment": "404000000", "effectOfAccountingCharges": "None", "incomeBeforeTax": "919000000", "minorityInterest": "None", "sellingGeneralAdministrative": "1460000000", "otherNonOperatingIncome": "52000000", "operatingIncome": "941000000", "otherOperatingExpense": "None", "interestExpense": "74000000", "taxProvision": "-152000000", "interestIncome": "36000000", "netInterestIncome": "-38000000", "extraordinaryItems": "None", "nonRecurring": "None", "otherItems": "None", "incomeTaxExpense": "-152000000", "totalOtherIncomeExpense": "16000000", "discontinuedOperations": "None", "netIncomeFromContinuingOperations": "1071000000", "netIncomeApplicableToCommonShares": "1071000000", "preferredStockAndOtherAdjustments": "None"}, {"fiscalDateEnding": "2018-10-31", "reportedCurrency": "USD", "totalRevenue": "4914000000", "totalOperatingExpense": "1759000000", "costOfRevenue": "2227000000", "grossProfit": "2687000000", "ebit": "1021000000", "netIncome": "316000000", "researchAndDevelopment": "385000000", "effectOfAccountingCharges": "None", "incomeBeforeTax": "946000000", "minorityInterest": "4000000", "sellingGeneralAdministrative": "1374000000", "otherNonOperatingIncome": "93000000", "operatingIncome": "928000000", "otherOperatingExpense": "None", "interestExpense": "75000000", "taxProvision": "630000000", "interestIncome": "38000000", "netInterestIncome": "-37000000", "extraordinaryItems": "-552000000", "nonRecurring": "None", "otherItems": "None", "incomeTaxExpense": "630000000", "totalOtherIncomeExpense": "55000000", "discontinuedOperations": "None", "netIncomeFromContinuingOperations": "316000000", "netIncomeApplicableToCommonShares": "316000000", "preferredStockAndOtherAdjustments": "None"}, {"fiscalDateEnding": "2017-10-31", "reportedCurrency": "USD", "totalRevenue": "4472000000", "totalOperatingExpense": "1568000000", "costOfRevenue": "2063000000", "grossProfit": "2409000000", "ebit": "882000000", "netIncome": "684000000", "researchAndDevelopment": "339000000", "effectOfAccountingCharges": "None", "incomeBeforeTax": "803000000", "minorityInterest": "4000000", "sellingGeneralAdministrative": "1229000000", "otherNonOperatingIncome": "41000000", "operatingIncome": "841000000", "otherOperatingExpense": "None", "interestExpense": "79000000", "taxProvision": "119000000", "interestIncome": "22000000", "netInterestIncome": "-57000000", "extraordinaryItems": "None", "nonRecurring": "None", "otherItems": "None", "incomeTaxExpense": "119000000", "totalOtherIncomeExpense": "19000000", "discontinuedOperations": "None", "netIncomeFromContinuingOperations": "684000000", "netIncomeApplicableToCommonShares": "684000000", "preferredStockAndOtherAdjustments": "None"}, {"fiscalDateEnding": "2016-10-31", "reportedCurrency": "USD", "totalRevenue": "4202000000", "totalOperatingExpense": "3587000000", "costOfRevenue": "2005000000", "grossProfit": "2197000000", "ebit": "862000000", "netIncome": "462000000", "researchAndDevelopment": "329000000", "effectOfAccountingCharges": "None", "incomeBeforeTax": "544000000", "minorityInterest": "3000000", "sellingGeneralAdministrative": "1253000000", "otherNonOperatingIncome": "1000000", "operatingIncome": "615000000", "otherOperatingExpense": "None", "interestExpense": "72000000", "taxProvision": "82000000", "interestIncome": "11000000", "netInterestIncome": "-61000000", "extraordinaryItems": "None", "nonRecurring": "None", "otherItems": "None", "incomeTaxExpense": "82000000", "totalOtherIncomeExpense": "-10000000", "discontinuedOperations": "None", "netIncomeFromContinuingOperations": "462000000", "netIncomeApplicableToCommonShares": "462000000", "preferredStockAndOtherAdjustments": "None"}, {"fiscalDateEnding": "2015-10-31", "reportedCurrency": "USD", "totalRevenue": "4038000000", "totalOperatingExpense": "1519000000", "costOfRevenue": "1997000000", "grossProfit": "2041000000", "ebit": "546000000", "netIncome": "401000000", "researchAndDevelopment": "330000000", "effectOfAccountingCharges": "None", "incomeBeforeTax": "480000000", "minorityInterest": "3000000", "sellingGeneralAdministrative": "1189000000", "otherNonOperatingIncome": "24000000", "operatingIncome": "522000000", "otherOperatingExpense": "None", "interestExpense": "66000000", "taxProvision": "42000000", "interestIncome": "-89000000", "netInterestIncome": "None", "extraordinaryItems": "-37000000", "nonRecurring": "None", "otherItems": "None", "incomeTaxExpense": "42000000", "totalOtherIncomeExpense": "-45000000", "discontinuedOperations": "-37000000", "netIncomeFromContinuingOperations": "438000000", "netIncomeApplicableToCommonShares": "401000000", "preferredStockAndOtherAdjustments": "None"}], "quarterlyReports": [{"fiscalDateEnding": "2020-07-31", "reportedCurrency": "USD", "totalRevenue": "1261000000", "totalOperatingExpense": "1031000000", "costOfRevenue": "592000000", "grossProfit": "669000000", "ebit": "315000000", "netIncome": "199000000", "researchAndDevelopment": "92000000", "effectOfAccountingCharges": "None", "incomeBeforeTax": "219000000", "minorityInterest": "None", "sellingGeneralAdministrative": "347000000", "otherNonOperatingIncome": "None", "operatingIncome": "230000000", "otherOperatingExpense": "None", "interestExpense": "19000000", "taxProvision": "20000000", "interestIncome": "1000000", "netInterestIncome": "-18000000", "extraordinaryItems": "None", "nonRecurring": "None", "otherItems": "None", "incomeTaxExpense": "20000000", "totalOtherIncomeExpense": "7000000", "discontinuedOperations": "None", "netIncomeFromContinuingOperations": "199000000", "netIncomeApplicableToCommonShares": "199000000", "preferredStockAndOtherAdjustments": "None"}, {"fiscalDateEnding": "2020-04-30", "reportedCurrency": "USD", "totalRevenue": "1238000000", "totalOperatingExpense": "555000000", "costOfRevenue": "581000000", "grossProfit": "657000000", "ebit": "141000000", "netIncome": "101000000", "researchAndDevelopment": "197000000", "effectOfAccountingCharges": "None", "incomeBeforeTax": "121000000", "minorityInterest": "None", "sellingGeneralAdministrative": "358000000", "otherNonOperatingIncome": "39000000", "operatingIncome": "102000000", "otherOperatingExpense": "None", "interestExpense": "20000000", "taxProvision": "20000000", "interestIncome": "3000000", "netInterestIncome": "-17000000", "extraordinaryItems": "None", "nonRecurring": "None", "otherItems": "None", "incomeTaxExpense": "20000000", "totalOtherIncomeExpense": "36000000", "discontinuedOperations": "None", "netIncomeFromContinuingOperations": "101000000", "netIncomeApplicableToCommonShares": "101000000", "preferredStockAndOtherAdjustments": "None"}, {"fiscalDateEnding": "2020-01-31", "reportedCurrency": "USD", "totalRevenue": "1357000000", "totalOperatingExpense": "508000000", "costOfRevenue": "634000000", "grossProfit": "723000000", "ebit": "239000000", "netIncome": "197000000", "researchAndDevelopment": "104000000", "effectOfAccountingCharges": "None", "incomeBeforeTax": "219000000", "minorityInterest": "None", "sellingGeneralAdministrative": "404000000", "otherNonOperatingIncome": "24000000", "operatingIncome": "215000000", "otherOperatingExpense": "None", "interestExpense": "20000000", "taxProvision": "22000000", "interestIncome": "3000000", "netInterestIncome": "-17000000", "extraordinaryItems": "None", "nonRecurring": "None", "otherItems": "None", "incomeTaxExpense": "22000000", "totalOtherIncomeExpense": "21000000", "discontinuedOperations": "None", "netIncomeFromContinuingOperations": "197000000", "netIncomeApplicableToCommonShares": "197000000", "preferredStockAndOtherAdjustments": "None"}, {"fiscalDateEnding": "2019-10-31", "reportedCurrency": "USD", "totalRevenue": "1367000000", "totalOperatingExpense": "487000000", "costOfRevenue": "630000000", "grossProfit": "737000000", "ebit": "252000000", "netIncome": "194000000", "researchAndDevelopment": "102000000", "effectOfAccountingCharges": "None", "incomeBeforeTax": "231000000", "minorityInterest": "None", "sellingGeneralAdministrative": "385000000", "otherNonOperatingIncome": "2000000", "operatingIncome": "250000000", "otherOperatingExpense": "None", "interestExpense": "21000000", "taxProvision": "37000000", "interestIncome": "6000000", "netInterestIncome": "-15000000", "extraordinaryItems": "None", "nonRecurring": "None", "otherItems": "None", "incomeTaxExpense": "37000000", "totalOtherIncomeExpense": "-4000000", "discontinuedOperations": "None", "netIncomeFromContinuingOperations": "194000000", "netIncomeApplicableToCommonShares": "194000000", "preferredStockAndOtherAdjustments": "None"}, {"fiscalDateEnding": "2019-07-31", "reportedCurrency": "USD", "totalRevenue": "1274000000", "totalOperatingExpense": "467000000", "costOfRevenue": "582000000", "grossProfit": "692000000", "ebit": "240000000", "netIncome": "191000000", "researchAndDevelopment": "101000000", "effectOfAccountingCharges": "None", "incomeBeforeTax": "222000000", "minorityInterest": "None", "sellingGeneralAdministrative": "366000000", "otherNonOperatingIncome": "15000000", "operatingIncome": "225000000", "otherOperatingExpense": "None", "interestExpense": "18000000", "taxProvision": "31000000", "interestIncome": "10000000", "netInterestIncome": "-8000000", "extraordinaryItems": "None", "nonRecurring": "None", "otherItems": "None", "incomeTaxExpense": "31000000", "totalOtherIncomeExpense": "5000000", "discontinuedOperations": "None", "netIncomeFromContinuingOperations": "191000000", "netIncomeApplicableToCommonShares": "191000000", "preferredStockAndOtherAdjustments": "None"}, {"fiscalDateEnding": "2019-04-30", "reportedCurrency": "USD", "totalRevenue": "1238000000", "totalOperatingExpense": "453000000", "costOfRevenue": "569000000", "grossProfit": "669000000", "ebit": "235000000", "netIncome": "182000000", "researchAndDevelopment": "99000000", "effectOfAccountingCharges": "None", "incomeBeforeTax": "218000000", "minorityInterest": "None", "sellingGeneralAdministrative": "354000000", "otherNonOperatingIncome": "19000000", "operatingIncome": "216000000", "otherOperatingExpense": "None", "interestExpense": "17000000", "taxProvision": "36000000", "interestIncome": "-6000000", "netInterestIncome": "-7000000", "extraordinaryItems": "None", "nonRecurring": "None", "otherItems": "None", "incomeTaxExpense": "36000000", "totalOtherIncomeExpense": "9000000", "discontinuedOperations": "None", "netIncomeFromContinuingOperations": "182000000", "netIncomeApplicableToCommonShares": "182000000", "preferredStockAndOtherAdjustments": "None"}, {"fiscalDateEnding": "2019-01-31", "reportedCurrency": "USD", "totalRevenue": "1284000000", "totalOperatingExpense": "457000000", "costOfRevenue": "577000000", "grossProfit": "707000000", "ebit": "266000000", "netIncome": "504000000", "researchAndDevelopment": "102000000", "effectOfAccountingCharges": "None", "incomeBeforeTax": "248000000", "minorityInterest": "None", "sellingGeneralAdministrative": "355000000", "otherNonOperatingIncome": "16000000", "operatingIncome": "250000000", "otherOperatingExpense": "None", "interestExpense": "18000000", "taxProvision": "-256000000", "interestIncome": "None", "netInterestIncome": "None", "extraordinaryItems": "None", "nonRecurring": "None", "otherItems": "None", "incomeTaxExpense": "-256000000", "totalOtherIncomeExpense": "6000000", "discontinuedOperations": "None", "netIncomeFromContinuingOperations": "504000000", "netIncomeApplicableToCommonShares": "504000000", "preferredStockAndOtherAdjustments": "None"}, {"fiscalDateEnding": "2018-10-31", "reportedCurrency": "USD", "totalRevenue": "1294000000", "totalOperatingExpense": "460000000", "costOfRevenue": "585000000", "grossProfit": "709000000", "ebit": "262000000", "netIncome": "195000000", "researchAndDevelopment": "104000000", "effectOfAccountingCharges": "0", "incomeBeforeTax": "244000000", "minorityInterest": "4000000", "sellingGeneralAdministrative": "356000000", "otherNonOperatingIncome": "13000000", "operatingIncome": "249000000", "otherOperatingExpense": "0", "interestExpense": "18000000", "taxProvision": "None", "interestIncome": "None", "netInterestIncome": "None", "extraordinaryItems": "0", "nonRecurring": "0", "otherItems": "0", "incomeTaxExpense": "49000000", "totalOtherIncomeExpense": "-37000000", "discontinuedOperations": "0", "netIncomeFromContinuingOperations": "195000000", "netIncomeApplicableToCommonShares": "195000000", "preferredStockAndOtherAdjustments": "None"}, {"fiscalDateEnding": "2018-07-31", "reportedCurrency": "USD", "totalRevenue": "1203000000", "totalOperatingExpense": "436000000", "costOfRevenue": "542000000", "grossProfit": "661000000", "ebit": "260000000", "netIncome": "236000000", "researchAndDevelopment": "97000000", "effectOfAccountingCharges": "0", "incomeBeforeTax": "242000000", "minorityInterest": "4000000", "sellingGeneralAdministrative": "339000000", "otherNonOperatingIncome": "35000000", "operatingIncome": "225000000", "otherOperatingExpense": "0", "interestExpense": "18000000", "taxProvision": "None", "interestIncome": "None", "netInterestIncome": "None", "extraordinaryItems": "0", "nonRecurring": "0", "otherItems": "0", "incomeTaxExpense": "6000000", "totalOtherIncomeExpense": "5000000", "discontinuedOperations": "0", "netIncomeFromContinuingOperations": "236000000", "netIncomeApplicableToCommonShares": "236000000", "preferredStockAndOtherAdjustments": "None"}, {"fiscalDateEnding": "2018-04-30", "reportedCurrency": "USD", "totalRevenue": "1206000000", "totalOperatingExpense": "429000000", "costOfRevenue": "562000000", "grossProfit": "644000000", "ebit": "246000000", "netIncome": "205000000", "researchAndDevelopment": "91000000", "effectOfAccountingCharges": "0", "incomeBeforeTax": "227000000", "minorityInterest": "4000000", "sellingGeneralAdministrative": "338000000", "otherNonOperatingIncome": "31000000", "operatingIncome": "215000000", "otherOperatingExpense": "0", "interestExpense": "19000000", "taxProvision": "None", "interestIncome": "None", "netInterestIncome": "None", "extraordinaryItems": "0", "nonRecurring": "0", "otherItems": "0", "incomeTaxExpense": "22000000", "totalOtherIncomeExpense": "7000000", "discontinuedOperations": "0", "netIncomeFromContinuingOperations": "205000000", "netIncomeApplicableToCommonShares": "205000000", "preferredStockAndOtherAdjustments": "None"}, {"fiscalDateEnding": "2018-01-31", "reportedCurrency": "USD", "totalRevenue": "1211000000", "totalOperatingExpense": "434000000", "costOfRevenue": "538000000", "grossProfit": "673000000", "ebit": "253000000", "netIncome": "-320000000", "researchAndDevelopment": "93000000", "effectOfAccountingCharges": "0", "incomeBeforeTax": "233000000", "minorityInterest": "4000000", "sellingGeneralAdministrative": "341000000", "otherNonOperatingIncome": "14000000", "operatingIncome": "239000000", "otherOperatingExpense": "0", "interestExpense": "20000000", "taxProvision": "None", "interestIncome": "None", "netInterestIncome": "None", "extraordinaryItems": "0", "nonRecurring": "0", "otherItems": "0", "incomeTaxExpense": "553000000", "totalOtherIncomeExpense": "-6000000", "discontinuedOperations": "0", "netIncomeFromContinuingOperations": "-320000000", "netIncomeApplicableToCommonShares": "-320000000", "preferredStockAndOtherAdjustments": "None"}, {"fiscalDateEnding": "2017-10-31", "reportedCurrency": "USD", "totalRevenue": "1189000000", "totalOperatingExpense": "414000000", "costOfRevenue": "542000000", "grossProfit": "647000000", "ebit": "246000000", "netIncome": "177000000", "researchAndDevelopment": "89000000", "effectOfAccountingCharges": "0", "incomeBeforeTax": "226000000", "minorityInterest": "-5000000", "sellingGeneralAdministrative": "325000000", "otherNonOperatingIncome": "13000000", "operatingIncome": "233000000", "otherOperatingExpense": "0", "interestExpense": "20000000", "taxProvision": "None", "interestIncome": "None", "netInterestIncome": "None", "extraordinaryItems": "0", "nonRecurring": "0", "otherItems": "0", "incomeTaxExpense": "49000000", "totalOtherIncomeExpense": "-80000000", "discontinuedOperations": "0", "netIncomeFromContinuingOperations": "177000000", "netIncomeApplicableToCommonShares": "177000000", "preferredStockAndOtherAdjustments": "None"}, {"fiscalDateEnding": "2017-07-31", "reportedCurrency": "USD", "totalRevenue": "1114000000", "totalOperatingExpense": "395000000", "costOfRevenue": "518000000", "grossProfit": "596000000", "ebit": "212000000", "netIncome": "175000000", "researchAndDevelopment": "87000000", "effectOfAccountingCharges": "0", "incomeBeforeTax": "193000000", "minorityInterest": "18000000", "sellingGeneralAdministrative": "308000000", "otherNonOperatingIncome": "11000000", "operatingIncome": "201000000", "otherOperatingExpense": "0", "interestExpense": "19000000", "taxProvision": "None", "interestIncome": "None", "netInterestIncome": "None", "extraordinaryItems": "0", "nonRecurring": "0", "otherItems": "0", "incomeTaxExpense": "18000000", "totalOtherIncomeExpense": "0", "discontinuedOperations": "0", "netIncomeFromContinuingOperations": "175000000", "netIncomeApplicableToCommonShares": "175000000", "preferredStockAndOtherAdjustments": "None"}, {"fiscalDateEnding": "2017-04-30", "reportedCurrency": "USD", "totalRevenue": "1102000000", "totalOperatingExpense": "391000000", "costOfRevenue": "510000000", "grossProfit": "592000000", "ebit": "211000000", "netIncome": "164000000", "researchAndDevelopment": "84000000", "effectOfAccountingCharges": "0", "incomeBeforeTax": "191000000", "minorityInterest": "-12000000", "sellingGeneralAdministrative": "307000000", "otherNonOperatingIncome": "10000000", "operatingIncome": "201000000", "otherOperatingExpense": "0", "interestExpense": "20000000", "taxProvision": "None", "interestIncome": "None", "netInterestIncome": "None", "extraordinaryItems": "0", "nonRecurring": "0", "otherItems": "0", "incomeTaxExpense": "27000000", "totalOtherIncomeExpense": "0", "discontinuedOperations": "0", "netIncomeFromContinuingOperations": "164000000", "netIncomeApplicableToCommonShares": "164000000", "preferredStockAndOtherAdjustments": "None"}, {"fiscalDateEnding": "2017-01-31", "reportedCurrency": "USD", "totalRevenue": "1067000000", "totalOperatingExpense": "368000000", "costOfRevenue": "493000000", "grossProfit": "574000000", "ebit": "213000000", "netIncome": "168000000", "researchAndDevelopment": "79000000", "effectOfAccountingCharges": "0", "incomeBeforeTax": "193000000", "minorityInterest": "3000000", "sellingGeneralAdministrative": "289000000", "otherNonOperatingIncome": "7000000", "operatingIncome": "206000000", "otherOperatingExpense": "0", "interestExpense": "20000000", "taxProvision": "None", "interestIncome": "None", "netInterestIncome": "None", "extraordinaryItems": "0", "nonRecurring": "0", "otherItems": "0", "incomeTaxExpense": "25000000", "totalOtherIncomeExpense": "0", "discontinuedOperations": "0", "netIncomeFromContinuingOperations": "168000000", "netIncomeApplicableToCommonShares": "168000000", "preferredStockAndOtherAdjustments": "None"}, {"fiscalDateEnding": "2016-10-31", "reportedCurrency": "USD", "totalRevenue": "1111000000", "totalOperatingExpense": "405000000", "costOfRevenue": "523000000", "grossProfit": "588000000", "ebit": "170000000", "netIncome": "126000000", "researchAndDevelopment": "84000000", "effectOfAccountingCharges": "0", "incomeBeforeTax": "151000000", "minorityInterest": "12000000", "sellingGeneralAdministrative": "321000000", "otherNonOperatingIncome": "-13000000", "operatingIncome": "183000000", "otherOperatingExpense": "0", "interestExpense": "19000000", "taxProvision": "None", "interestIncome": "None", "netInterestIncome": "None", "extraordinaryItems": "0", "nonRecurring": "0", "otherItems": "0", "incomeTaxExpense": "25000000", "totalOtherIncomeExpense": "-154000000", "discontinuedOperations": "0", "netIncomeFromContinuingOperations": "124000000", "netIncomeApplicableToCommonShares": "126000000", "preferredStockAndOtherAdjustments": "None"}, {"fiscalDateEnding": "2016-07-31", "reportedCurrency": "USD", "totalRevenue": "1044000000", "totalOperatingExpense": "396000000", "costOfRevenue": "502000000", "grossProfit": "542000000", "ebit": "151000000", "netIncome": "122000000", "researchAndDevelopment": "86000000", "effectOfAccountingCharges": "0", "incomeBeforeTax": "134000000", "minorityInterest": "-12000000", "sellingGeneralAdministrative": "310000000", "otherNonOperatingIncome": "5000000", "operatingIncome": "146000000", "otherOperatingExpense": "0", "interestExpense": "17000000", "taxProvision": "None", "interestIncome": "None", "netInterestIncome": "None", "extraordinaryItems": "0", "nonRecurring": "0", "otherItems": "0", "incomeTaxExpense": "10000000", "totalOtherIncomeExpense": "0", "discontinuedOperations": "0", "netIncomeFromContinuingOperations": "124000000", "netIncomeApplicableToCommonShares": "122000000", "preferredStockAndOtherAdjustments": "None"}, {"fiscalDateEnding": "2016-04-30", "reportedCurrency": "USD", "totalRevenue": "1019000000", "totalOperatingExpense": "399000000", "costOfRevenue": "489000000", "grossProfit": "530000000", "ebit": "135000000", "netIncome": "91000000", "researchAndDevelopment": "81000000", "effectOfAccountingCharges": "0", "incomeBeforeTax": "117000000", "minorityInterest": "3000000", "sellingGeneralAdministrative": "318000000", "otherNonOperatingIncome": "4000000", "operatingIncome": "131000000", "otherOperatingExpense": "0", "interestExpense": "18000000", "taxProvision": "None", "interestIncome": "None", "netInterestIncome": "None", "extraordinaryItems": "0", "nonRecurring": "0", "otherItems": "0", "incomeTaxExpense": "26000000", "totalOtherIncomeExpense": "0", "discontinuedOperations": "0", "netIncomeFromContinuingOperations": "91000000", "netIncomeApplicableToCommonShares": "91000000", "preferredStockAndOtherAdjustments": "None"}, {"fiscalDateEnding": "2016-01-31", "reportedCurrency": "USD", "totalRevenue": "1028000000", "totalOperatingExpense": "382000000", "costOfRevenue": "491000000", "grossProfit": "537000000", "ebit": "160000000", "netIncome": "123000000", "researchAndDevelopment": "78000000", "effectOfAccountingCharges": "0", "incomeBeforeTax": "142000000", "minorityInterest": "0", "sellingGeneralAdministrative": "304000000", "otherNonOperatingIncome": "5000000", "operatingIncome": "155000000", "otherOperatingExpense": "0", "interestExpense": "18000000", "taxProvision": "None", "interestIncome": "None", "netInterestIncome": "None", "extraordinaryItems": "0", "nonRecurring": "0", "otherItems": "0", "incomeTaxExpense": "19000000", "totalOtherIncomeExpense": "0", "discontinuedOperations": "0", "netIncomeFromContinuingOperations": "123000000", "netIncomeApplicableToCommonShares": "123000000", "preferredStockAndOtherAdjustments": "None"}, {"fiscalDateEnding": "2015-10-31", "reportedCurrency": "USD", "totalRevenue": "1035000000", "totalOperatingExpense": "379000000", "costOfRevenue": "500000000", "grossProfit": "535000000", "ebit": "159000000", "netIncome": "143000000", "researchAndDevelopment": "82000000", "effectOfAccountingCharges": "0", "incomeBeforeTax": "143000000", "minorityInterest": "3000000", "sellingGeneralAdministrative": "297000000", "otherNonOperatingIncome": "3000000", "operatingIncome": "156000000", "otherOperatingExpense": "0", "interestExpense": "16000000", "taxProvision": "None", "interestIncome": "None", "netInterestIncome": "None", "extraordinaryItems": "0", "nonRecurring": "0", "otherItems": "0", "incomeTaxExpense": "3000000", "totalOtherIncomeExpense": "-45000000", "discontinuedOperations": "-37000000", "netIncomeFromContinuingOperations": "143000000", "netIncomeApplicableToCommonShares": "143000000", "preferredStockAndOtherAdjustments": "None"}, {"fiscalDateEnding": "2015-07-31", "reportedCurrency": "USD", "totalRevenue": "1014000000", "totalOperatingExpense": "369000000", "costOfRevenue": "501000000", "grossProfit": "513000000", "ebit": "145000000", "netIncome": "103000000", "researchAndDevelopment": "79000000", "effectOfAccountingCharges": "0", "incomeBeforeTax": "128000000", "minorityInterest": "0", "sellingGeneralAdministrative": "290000000", "otherNonOperatingIncome": "1000000", "operatingIncome": "144000000", "otherOperatingExpense": "0", "interestExpense": "17000000", "taxProvision": "None", "interestIncome": "None", "netInterestIncome": "None", "extraordinaryItems": "0", "nonRecurring": "0", "otherItems": "0", "incomeTaxExpense": "23000000", "totalOtherIncomeExpense": "0", "discontinuedOperations": "-2000000", "netIncomeFromContinuingOperations": "105000000", "netIncomeApplicableToCommonShares": "103000000", "preferredStockAndOtherAdjustments": "None"}]}