{"symbol": "AA", "annualReports": [{"fiscalDateEnding": "2019-12-31", "reportedCurrency": "USD", "totalRevenue": "10433000000", "totalOperatingExpense": "9701000000", "costOfRevenue": "9250000000", "grossProfit": "1183000000", "ebit": "396000000", "netIncome": "-1125000000", "researchAndDevelopment": "27000000", "effectOfAccountingCharges": "None", "incomeBeforeTax": "-438000000", "minorityInterest": "1774000000", "sellingGeneralAdministrative": "280000000", "otherNonOperatingIncome": "None", "operatingIncome": "732000000", "otherOperatingExpense": "38000000", "interestExpense": "121000000", "taxProvision": "415000000", "interestIncome": "-185000000", "netInterestIncome": "-121000000", "extraordinaryItems": "None", "nonRecurring": "None", "otherItems": "None", "incomeTaxExpense": "415000000", "totalOtherIncomeExpense": "-1049000000", "discontinuedOperations": "None", "netIncomeFromContinuingOperations": "-853000000", "netIncomeApplicableToCommonShares": "-1125000000", "preferredStockAndOtherAdjustments": "None"}, {"fiscalDateEnding": "2018-12-31", "reportedCurrency": "USD", "totalRevenue": "13403000000", "totalOperatingExpense": "11207000000", "costOfRevenue": "10814000000", "grossProfit": "2589000000", "ebit": "2452000000", "netIncome": "227000000", "researchAndDevelopment": "31000000", "effectOfAccountingCharges": "None", "incomeBeforeTax": "1597000000", "minorityInterest": "1970000000", "sellingGeneralAdministrative": "248000000", "otherNonOperatingIncome": "None", "operatingIncome": "2196000000", "otherOperatingExpense": "125000000", "interestExpense": "122000000", "taxProvision": "726000000", "interestIncome": "-57000000", "netInterestIncome": "-122000000", "extraordinaryItems": "None", "nonRecurring": "None", "otherItems": "None", "incomeTaxExpense": "732000000", "totalOtherIncomeExpense": "-477000000", "discontinuedOperations": "None", "netIncomeFromContinuingOperations": "871000000", "netIncomeApplicableToCommonShares": "250000000", "preferredStockAndOtherAdjustments": "None"}, {"fiscalDateEnding": "2017-12-31", "reportedCurrency": "USD", "totalRevenue": "11652000000", "totalOperatingExpense": "10156000000", "costOfRevenue": "9822000000", "grossProfit": "1830000000", "ebit": "2015000000", "netIncome": "217000000", "researchAndDevelopment": "32000000", "effectOfAccountingCharges": "None", "incomeBeforeTax": "1159000000", "minorityInterest": "2275000000", "sellingGeneralAdministrative": "284000000", "otherNonOperatingIncome": "None", "operatingIncome": "1496000000", "otherOperatingExpense": "18000000", "interestExpense": "104000000", "taxProvision": "600000000", "interestIncome": "-164000000", "netInterestIncome": "-104000000", "extraordinaryItems": "None", "nonRecurring": "None", "otherItems": "None", "incomeTaxExpense": "592000000", "totalOtherIncomeExpense": "-233000000", "discontinuedOperations": "None", "netIncomeFromContinuingOperations": "559000000", "netIncomeApplicableToCommonShares": "279000000", "preferredStockAndOtherAdjustments": "None"}, {"fiscalDateEnding": "2016-12-31", "reportedCurrency": "USD", "totalRevenue": "9318000000", "totalOperatingExpense": "9131000000", "costOfRevenue": "8616000000", "grossProfit": "702000000", "ebit": "799000000", "netIncome": "-400000000", "researchAndDevelopment": "33000000", "effectOfAccountingCharges": "None", "incomeBeforeTax": "-162000000", "minorityInterest": "2043000000", "sellingGeneralAdministrative": "359000000", "otherNonOperatingIncome": "None", "operatingIncome": "187000000", "otherOperatingExpense": "7000000", "interestExpense": "243000000", "taxProvision": "184000000", "interestIncome": "-330000000", "netInterestIncome": "-243000000", "extraordinaryItems": "None", "nonRecurring": "None", "otherItems": "None", "incomeTaxExpense": "184000000", "totalOtherIncomeExpense": "-106000000", "discontinuedOperations": "None", "netIncomeFromContinuingOperations": "-346000000", "netIncomeApplicableToCommonShares": "-400000000", "preferredStockAndOtherAdjustments": "None"}, {"fiscalDateEnding": "2015-12-31", "reportedCurrency": "USD", "totalRevenue": "11199000000", "totalOperatingExpense": "10137000000", "costOfRevenue": "9039000000", "grossProfit": "2160000000", "ebit": "1062000000", "netIncome": "-863000000", "researchAndDevelopment": "69000000", "effectOfAccountingCharges": "None", "incomeBeforeTax": "-337000000", "minorityInterest": "2071000000", "sellingGeneralAdministrative": "353000000", "otherNonOperatingIncome": "None", "operatingIncome": "-25000000", "otherOperatingExpense": "-2000000", "interestExpense": "-270000000", "taxProvision": "402000000", "interestIncome": "-346000000", "netInterestIncome": "None", "extraordinaryItems": "None", "nonRecurring": "None", "otherItems": "None", "incomeTaxExpense": "402000000", "totalOtherIncomeExpense": "-1399000000", "discontinuedOperations": "None", "netIncomeFromContinuingOperations": "-739000000", "netIncomeApplicableToCommonShares": "-863000000", "preferredStockAndOtherAdjustments": "None"}], "quarterlyReports": [{"fiscalDateEnding": "2020-06-30", "reportedCurrency": "USD", "totalRevenue": "2148000000", "totalOperatingExpense": "2133000000", "costOfRevenue": "2084000000", "grossProfit": "64000000", "ebit": "79000000", "netIncome": "-197000000", "researchAndDevelopment": "5000000", "effectOfAccountingCharges": "None", "incomeBeforeTax": "-105000000", "minorityInterest": "1619000000", "sellingGeneralAdministrative": "44000000", "otherNonOperatingIncome": "None", "operatingIncome": "15000000", "otherOperatingExpense": "None", "interestExpense": "32000000", "taxProvision": "45000000", "interestIncome": "-32000000", "netInterestIncome": "-32000000", "extraordinaryItems": "None", "nonRecurring": "None", "otherItems": "None", "incomeTaxExpense": "45000000", "totalOtherIncomeExpense": "-88000000", "discontinuedOperations": "None", "netIncomeFromContinuingOperations": "-150000000", "netIncomeApplicableToCommonShares": "-197000000", "preferredStockAndOtherAdjustments": "None"}, {"fiscalDateEnding": "2020-03-31", "reportedCurrency": "USD", "totalRevenue": "2381000000", "totalOperatingExpense": "2262000000", "costOfRevenue": "2195000000", "grossProfit": "186000000", "ebit": "419000000", "netIncome": "80000000", "researchAndDevelopment": "7000000", "effectOfAccountingCharges": "None", "incomeBeforeTax": "219000000", "minorityInterest": "1536000000", "sellingGeneralAdministrative": "60000000", "otherNonOperatingIncome": "None", "operatingIncome": "119000000", "otherOperatingExpense": "-1000000", "interestExpense": "30000000", "taxProvision": "80000000", "interestIncome": "-59000000", "netInterestIncome": "-30000000", "extraordinaryItems": "None", "nonRecurring": "None", "otherItems": "None", "incomeTaxExpense": "80000000", "totalOtherIncomeExpense": "130000000", "discontinuedOperations": "None", "netIncomeFromContinuingOperations": "139000000", "netIncomeApplicableToCommonShares": "80000000", "preferredStockAndOtherAdjustments": "None"}, {"fiscalDateEnding": "2019-12-31", "reportedCurrency": "USD", "totalRevenue": "2436000000", "totalOperatingExpense": "2443000000", "costOfRevenue": "2231000000", "grossProfit": "205000000", "ebit": "-87000000", "netIncome": "-303000000", "researchAndDevelopment": "6000000", "effectOfAccountingCharges": "None", "incomeBeforeTax": "-301000000", "minorityInterest": "1774000000", "sellingGeneralAdministrative": "62000000", "otherNonOperatingIncome": "None", "operatingIncome": "-7000000", "otherOperatingExpense": "20000000", "interestExpense": "31000000", "taxProvision": "54000000", "interestIncome": "-45000000", "netInterestIncome": "-31000000", "extraordinaryItems": "None", "nonRecurring": "None", "otherItems": "None", "incomeTaxExpense": "54000000", "totalOtherIncomeExpense": "-263000000", "discontinuedOperations": "None", "netIncomeFromContinuingOperations": "-355000000", "netIncomeApplicableToCommonShares": "-303000000", "preferredStockAndOtherAdjustments": "None"}, {"fiscalDateEnding": "2019-09-30", "reportedCurrency": "USD", "totalRevenue": "2567000000", "totalOperatingExpense": "2377000000", "costOfRevenue": "2304000000", "grossProfit": "263000000", "ebit": "162000000", "netIncome": "-221000000", "researchAndDevelopment": "7000000", "effectOfAccountingCharges": "None", "incomeBeforeTax": "-52000000", "minorityInterest": "1871000000", "sellingGeneralAdministrative": "66000000", "otherNonOperatingIncome": "None", "operatingIncome": "190000000", "otherOperatingExpense": "8000000", "interestExpense": "30000000", "taxProvision": "95000000", "interestIncome": "-36000000", "netInterestIncome": "-30000000", "extraordinaryItems": "None", "nonRecurring": "None", "otherItems": "None", "incomeTaxExpense": "95000000", "totalOtherIncomeExpense": "-212000000", "discontinuedOperations": "None", "netIncomeFromContinuingOperations": "-147000000", "netIncomeApplicableToCommonShares": "-221000000", "preferredStockAndOtherAdjustments": "None"}, {"fiscalDateEnding": "2019-06-30", "reportedCurrency": "USD", "totalRevenue": "2711000000", "totalOperatingExpense": "2438000000", "costOfRevenue": "2363000000", "grossProfit": "348000000", "ebit": "27000000", "netIncome": "-402000000", "researchAndDevelopment": "7000000", "effectOfAccountingCharges": "None", "incomeBeforeTax": "-177000000", "minorityInterest": "1964000000", "sellingGeneralAdministrative": "68000000", "otherNonOperatingIncome": "None", "operatingIncome": "273000000", "otherOperatingExpense": "7000000", "interestExpense": "30000000", "taxProvision": "116000000", "interestIncome": "-50000000", "netInterestIncome": "-30000000", "extraordinaryItems": "None", "nonRecurring": "None", "otherItems": "None", "incomeTaxExpense": "116000000", "totalOtherIncomeExpense": "-420000000", "discontinuedOperations": "None", "netIncomeFromContinuingOperations": "-293000000", "netIncomeApplicableToCommonShares": "-402000000", "preferredStockAndOtherAdjustments": "None"}, {"fiscalDateEnding": "2019-03-31", "reportedCurrency": "USD", "totalRevenue": "2719000000", "totalOperatingExpense": "2443000000", "costOfRevenue": "2352000000", "grossProfit": "367000000", "ebit": "294000000", "netIncome": "-199000000", "researchAndDevelopment": "7000000", "effectOfAccountingCharges": "None", "incomeBeforeTax": "92000000", "minorityInterest": "1926000000", "sellingGeneralAdministrative": "84000000", "otherNonOperatingIncome": "None", "operatingIncome": "276000000", "otherOperatingExpense": "3000000", "interestExpense": "30000000", "taxProvision": "150000000", "interestIncome": "None", "netInterestIncome": "-30000000", "extraordinaryItems": "None", "nonRecurring": "None", "otherItems": "None", "incomeTaxExpense": "150000000", "totalOtherIncomeExpense": "-154000000", "discontinuedOperations": "None", "netIncomeFromContinuingOperations": "-58000000", "netIncomeApplicableToCommonShares": "-199000000", "preferredStockAndOtherAdjustments": "None"}, {"fiscalDateEnding": "2018-12-31", "reportedCurrency": "USD", "totalRevenue": "3344000000", "totalOperatingExpense": "2955000000", "costOfRevenue": "2534000000", "grossProfit": "810000000", "ebit": "389000000", "netIncome": "43000000", "researchAndDevelopment": "7000000", "effectOfAccountingCharges": "0", "incomeBeforeTax": "369000000", "minorityInterest": "2005000000", "sellingGeneralAdministrative": "89000000", "otherNonOperatingIncome": "None", "operatingIncome": "389000000", "otherOperatingExpense": "151000000", "interestExpense": "-31000000", "taxProvision": "None", "interestIncome": "None", "netInterestIncome": "None", "extraordinaryItems": "0", "nonRecurring": "0", "otherItems": "0", "incomeTaxExpense": "157000000", "totalOtherIncomeExpense": "-20000000", "discontinuedOperations": "0", "netIncomeFromContinuingOperations": "212000000", "netIncomeApplicableToCommonShares": "43000000", "preferredStockAndOtherAdjustments": "None"}, {"fiscalDateEnding": "2018-09-30", "reportedCurrency": "USD", "totalRevenue": "3390000000", "totalOperatingExpense": "2795000000", "costOfRevenue": "2534000000", "grossProfit": "856000000", "ebit": "595000000", "netIncome": "-41000000", "researchAndDevelopment": "7000000", "effectOfAccountingCharges": "0", "incomeBeforeTax": "406000000", "minorityInterest": "2069000000", "sellingGeneralAdministrative": "90000000", "otherNonOperatingIncome": "None", "operatingIncome": "595000000", "otherOperatingExpense": "-9000000", "interestExpense": "-33000000", "taxProvision": "None", "interestIncome": "None", "netInterestIncome": "None", "extraordinaryItems": "0", "nonRecurring": "0", "otherItems": "0", "incomeTaxExpense": "251000000", "totalOtherIncomeExpense": "-189000000", "discontinuedOperations": "0", "netIncomeFromContinuingOperations": "155000000", "netIncomeApplicableToCommonShares": "-41000000", "preferredStockAndOtherAdjustments": "None"}, {"fiscalDateEnding": "2018-06-30", "reportedCurrency": "USD", "totalRevenue": "3579000000", "totalOperatingExpense": "2936000000", "costOfRevenue": "2632000000", "grossProfit": "947000000", "ebit": "643000000", "netIncome": "75000000", "researchAndDevelopment": "9000000", "effectOfAccountingCharges": "0", "incomeBeforeTax": "410000000", "minorityInterest": "2084000000", "sellingGeneralAdministrative": "64000000", "otherNonOperatingIncome": "None", "operatingIncome": "643000000", "otherOperatingExpense": "39000000", "interestExpense": "-32000000", "taxProvision": "None", "interestIncome": "None", "netInterestIncome": "None", "extraordinaryItems": "0", "nonRecurring": "0", "otherItems": "0", "incomeTaxExpense": "180000000", "totalOtherIncomeExpense": "-233000000", "discontinuedOperations": "0", "netIncomeFromContinuingOperations": "230000000", "netIncomeApplicableToCommonShares": "75000000", "preferredStockAndOtherAdjustments": "None"}, {"fiscalDateEnding": "2018-03-31", "reportedCurrency": "USD", "totalRevenue": "3090000000", "totalOperatingExpense": "2671000000", "costOfRevenue": "2381000000", "grossProfit": "709000000", "ebit": "419000000", "netIncome": "150000000", "researchAndDevelopment": "8000000", "effectOfAccountingCharges": "0", "incomeBeforeTax": "412000000", "minorityInterest": "124000000", "sellingGeneralAdministrative": "75000000", "otherNonOperatingIncome": "None", "operatingIncome": "440000000", "otherOperatingExpense": "21000000", "interestExpense": "26000000", "taxProvision": "None", "interestIncome": "None", "netInterestIncome": "None", "extraordinaryItems": "0", "nonRecurring": "0", "otherItems": "0", "incomeTaxExpense": "138000000", "totalOtherIncomeExpense": "-7000000", "discontinuedOperations": "0", "netIncomeFromContinuingOperations": "274000000", "netIncomeApplicableToCommonShares": "150000000", "preferredStockAndOtherAdjustments": "None"}, {"fiscalDateEnding": "2017-12-31", "reportedCurrency": "USD", "totalRevenue": "3174000000", "totalOperatingExpense": "-2530000000", "costOfRevenue": "2310000000", "grossProfit": "2667000000", "ebit": "-1037000000", "netIncome": "104000000", "researchAndDevelopment": "9000000", "effectOfAccountingCharges": "0", "incomeBeforeTax": "216000000", "minorityInterest": "140000000", "sellingGeneralAdministrative": "78000000", "otherNonOperatingIncome": "None", "operatingIncome": "599000000", "otherOperatingExpense": "86000000", "interestExpense": "27000000", "taxProvision": "None", "interestIncome": "None", "netInterestIncome": "None", "extraordinaryItems": "0", "nonRecurring": "0", "otherItems": "0", "incomeTaxExpense": "272000000", "totalOtherIncomeExpense": "-322000000", "discontinuedOperations": "0", "netIncomeFromContinuingOperations": "-2000000000", "netIncomeApplicableToCommonShares": "104000000", "preferredStockAndOtherAdjustments": "None"}, {"fiscalDateEnding": "2017-09-30", "reportedCurrency": "USD", "totalRevenue": "2964000000", "totalOperatingExpense": "21581000000", "costOfRevenue": "2314000000", "grossProfit": "0", "ebit": "4054000000", "netIncome": "113000000", "researchAndDevelopment": "8000000", "effectOfAccountingCharges": "0", "incomeBeforeTax": "288000000", "minorityInterest": "56000000", "sellingGeneralAdministrative": "78000000", "otherNonOperatingIncome": "None", "operatingIncome": "378000000", "otherOperatingExpense": "-93000000", "interestExpense": "26000000", "taxProvision": "None", "interestIncome": "None", "netInterestIncome": "None", "extraordinaryItems": "0", "nonRecurring": "0", "otherItems": "0", "incomeTaxExpense": "119000000", "totalOtherIncomeExpense": "85000000", "discontinuedOperations": "0", "netIncomeFromContinuingOperations": "3961000000", "netIncomeApplicableToCommonShares": "113000000", "preferredStockAndOtherAdjustments": "None"}, {"fiscalDateEnding": "2017-06-30", "reportedCurrency": "USD", "totalRevenue": "2859000000", "totalOperatingExpense": "-11199000000", "costOfRevenue": "2289000000", "grossProfit": "0", "ebit": "-1872000000", "netIncome": "75000000", "researchAndDevelopment": "8000000", "effectOfAccountingCharges": "0", "incomeBeforeTax": "237000000", "minorityInterest": "63000000", "sellingGeneralAdministrative": "78000000", "otherNonOperatingIncome": "None", "operatingIncome": "302000000", "otherOperatingExpense": "28000000", "interestExpense": "25000000", "taxProvision": "None", "interestIncome": "None", "netInterestIncome": "None", "extraordinaryItems": "0", "nonRecurring": "0", "otherItems": "0", "incomeTaxExpense": "99000000", "totalOtherIncomeExpense": "-206000000", "discontinuedOperations": "0", "netIncomeFromContinuingOperations": "-1710000000", "netIncomeApplicableToCommonShares": "75000000", "preferredStockAndOtherAdjustments": "None"}, {"fiscalDateEnding": "2017-03-31", "reportedCurrency": "USD", "totalRevenue": "2655000000", "totalOperatingExpense": "2298000000", "costOfRevenue": "2023000000", "grossProfit": "0", "ebit": "357000000", "netIncome": "225000000", "researchAndDevelopment": "7000000", "effectOfAccountingCharges": "0", "incomeBeforeTax": "418000000", "minorityInterest": "83000000", "sellingGeneralAdministrative": "78000000", "otherNonOperatingIncome": "None", "operatingIncome": "375000000", "otherOperatingExpense": "-3000000", "interestExpense": "26000000", "taxProvision": "None", "interestIncome": "None", "netInterestIncome": "None", "extraordinaryItems": "0", "nonRecurring": "0", "otherItems": "0", "incomeTaxExpense": "110000000", "totalOtherIncomeExpense": "100000000", "discontinuedOperations": "0", "netIncomeFromContinuingOperations": "308000000", "netIncomeApplicableToCommonShares": "225000000", "preferredStockAndOtherAdjustments": "None"}, {"fiscalDateEnding": "2016-12-31", "reportedCurrency": "USD", "totalRevenue": "2537000000", "totalOperatingExpense": "9014000000", "costOfRevenue": "2123000000", "grossProfit": "1446000000", "ebit": "304000000", "netIncome": "-394000000", "researchAndDevelopment": "7000000", "effectOfAccountingCharges": "0", "incomeBeforeTax": "-264000000", "minorityInterest": "2023000000", "sellingGeneralAdministrative": "73000000", "otherNonOperatingIncome": "None", "operatingIncome": "159000000", "otherOperatingExpense": "7000000", "interestExpense": "46000000", "taxProvision": "None", "interestIncome": "None", "netInterestIncome": "None", "extraordinaryItems": "0", "nonRecurring": "0", "otherItems": "0", "incomeTaxExpense": "6000000", "totalOtherIncomeExpense": "-572000000", "discontinuedOperations": "0", "netIncomeFromContinuingOperations": "-346000000", "netIncomeApplicableToCommonShares": "-400000000", "preferredStockAndOtherAdjustments": "None"}, {"fiscalDateEnding": "2016-09-30", "reportedCurrency": "USD", "totalRevenue": "2329000000", "totalOperatingExpense": "0", "costOfRevenue": "1968000000", "grossProfit": "0", "ebit": "0", "netIncome": "-6000000", "researchAndDevelopment": "8000000", "effectOfAccountingCharges": "0", "incomeBeforeTax": "102000000", "minorityInterest": "20000000", "sellingGeneralAdministrative": "77000000", "otherNonOperatingIncome": "None", "operatingIncome": "103000000", "otherOperatingExpense": "0", "interestExpense": "67000000", "taxProvision": "None", "interestIncome": "None", "netInterestIncome": "None", "extraordinaryItems": "0", "nonRecurring": "0", "otherItems": "0", "incomeTaxExpense": "92000000", "totalOtherIncomeExpense": "106000000", "discontinuedOperations": "0", "netIncomeFromContinuingOperations": "0", "netIncomeApplicableToCommonShares": "0", "preferredStockAndOtherAdjustments": "None"}, {"fiscalDateEnding": "2016-06-30", "reportedCurrency": "USD", "totalRevenue": "2323000000", "totalOperatingExpense": "0", "costOfRevenue": "1941000000", "grossProfit": "0", "ebit": "0", "netIncome": "0", "researchAndDevelopment": "7000000", "effectOfAccountingCharges": "0", "incomeBeforeTax": "56000000", "minorityInterest": "43000000", "sellingGeneralAdministrative": "75000000", "otherNonOperatingIncome": "None", "operatingIncome": "129000000", "otherOperatingExpense": "0", "interestExpense": "66000000", "taxProvision": "None", "interestIncome": "None", "netInterestIncome": "None", "extraordinaryItems": "0", "nonRecurring": "0", "otherItems": "0", "incomeTaxExpense": "68000000", "totalOtherIncomeExpense": "0", "discontinuedOperations": "0", "netIncomeFromContinuingOperations": "0", "netIncomeApplicableToCommonShares": "0", "preferredStockAndOtherAdjustments": "None"}, {"fiscalDateEnding": "2016-03-31", "reportedCurrency": "USD", "totalRevenue": "2129000000", "totalOperatingExpense": "0", "costOfRevenue": "1866000000", "grossProfit": "0", "ebit": "0", "netIncome": "0", "researchAndDevelopment": "11000000", "effectOfAccountingCharges": "0", "incomeBeforeTax": "0", "minorityInterest": "0", "sellingGeneralAdministrative": "87000000", "otherNonOperatingIncome": "None", "operatingIncome": "0", "otherOperatingExpense": "0", "interestExpense": "64000000", "taxProvision": "None", "interestIncome": "None", "netInterestIncome": "None", "extraordinaryItems": "0", "nonRecurring": "0", "otherItems": "0", "incomeTaxExpense": "18000000", "totalOtherIncomeExpense": "0", "discontinuedOperations": "0", "netIncomeFromContinuingOperations": "0", "netIncomeApplicableToCommonShares": "0", "preferredStockAndOtherAdjustments": "None"}, {"fiscalDateEnding": "2015-12-31", "reportedCurrency": "USD", "totalRevenue": "2451000000", "totalOperatingExpense": "10137000000", "costOfRevenue": "2157000000", "grossProfit": "2250000000", "ebit": "1062000000", "netIncome": "-863000000", "researchAndDevelopment": "15000000", "effectOfAccountingCharges": "0", "incomeBeforeTax": "-351000000", "minorityInterest": "2010000000", "sellingGeneralAdministrative": "101000000", "otherNonOperatingIncome": "None", "operatingIncome": "7000000", "otherOperatingExpense": "-2000000", "interestExpense": "62000000", "taxProvision": "None", "interestIncome": "None", "netInterestIncome": "None", "extraordinaryItems": "0", "nonRecurring": "0", "otherItems": "0", "incomeTaxExpense": "92000000", "totalOtherIncomeExpense": "-1399000000", "discontinuedOperations": "0", "netIncomeFromContinuingOperations": "-739000000", "netIncomeApplicableToCommonShares": "-863000000", "preferredStockAndOtherAdjustments": "None"}, {"fiscalDateEnding": "2015-09-30", "reportedCurrency": "USD", "totalRevenue": "2679000000", "totalOperatingExpense": "0", "costOfRevenue": "2239000000", "grossProfit": "0", "ebit": "0", "netIncome": "0", "researchAndDevelopment": "14000000", "effectOfAccountingCharges": "0", "incomeBeforeTax": "14000000", "minorityInterest": "61000000", "sellingGeneralAdministrative": "103000000", "otherNonOperatingIncome": "None", "operatingIncome": "147000000", "otherOperatingExpense": "0", "interestExpense": "69000000", "taxProvision": "None", "interestIncome": "None", "netInterestIncome": "None", "extraordinaryItems": "0", "nonRecurring": "0", "otherItems": "0", "incomeTaxExpense": "77000000", "totalOtherIncomeExpense": "0", "discontinuedOperations": "0", "netIncomeFromContinuingOperations": "0", "netIncomeApplicableToCommonShares": "0", "preferredStockAndOtherAdjustments": "None"}, {"fiscalDateEnding": "2015-06-30", "reportedCurrency": "USD", "totalRevenue": "2964000000", "totalOperatingExpense": "0", "costOfRevenue": "2352000000", "grossProfit": "0", "ebit": "0", "netIncome": "-166000000", "researchAndDevelopment": "19000000", "effectOfAccountingCharges": "0", "incomeBeforeTax": "35000000", "minorityInterest": "67000000", "sellingGeneralAdministrative": "101000000", "otherNonOperatingIncome": "None", "operatingIncome": "311000000", "otherOperatingExpense": "0", "interestExpense": "69000000", "taxProvision": "None", "interestIncome": "None", "netInterestIncome": "None", "extraordinaryItems": "0", "nonRecurring": "0", "otherItems": "0", "incomeTaxExpense": "47000000", "totalOtherIncomeExpense": "0", "discontinuedOperations": "0", "netIncomeFromContinuingOperations": "0", "netIncomeApplicableToCommonShares": "-166000000", "preferredStockAndOtherAdjustments": "None"}]}