{"symbol": "AAL", "annualReports": [{"fiscalDateEnding": "2019-12-31", "reportedCurrency": "USD", "totalRevenue": "45768000000", "totalOperatingExpense": "21915000000", "costOfRevenue": "20788000000", "grossProfit": "24980000000", "ebit": "3351000000", "netIncome": "1686000000", "researchAndDevelopment": "None", "effectOfAccountingCharges": "None", "incomeBeforeTax": "2256000000", "minorityInterest": "None", "sellingGeneralAdministrative": "19298000000", "otherNonOperatingIncome": "286000000", "operatingIncome": "3065000000", "otherOperatingExpense": "2617000000", "interestExpense": "1095000000", "taxProvision": "570000000", "interestIncome": "127000000", "netInterestIncome": "-968000000", "extraordinaryItems": "None", "nonRecurring": "None", "otherItems": "None", "incomeTaxExpense": "570000000", "totalOtherIncomeExpense": "-463000000", "discontinuedOperations": "None", "netIncomeFromContinuingOperations": "1686000000", "netIncomeApplicableToCommonShares": "1686000000", "preferredStockAndOtherAdjustments": "None"}, {"fiscalDateEnding": "2018-12-31", "reportedCurrency": "USD", "totalRevenue": "44541000000", "totalOperatingExpense": "21485000000", "costOfRevenue": "20400000000", "grossProfit": "24141000000", "ebit": "2940000000", "netIncome": "1412000000", "researchAndDevelopment": "0", "effectOfAccountingCharges": "None", "incomeBeforeTax": "1884000000", "minorityInterest": "None", "sellingGeneralAdministrative": "18859000000", "otherNonOperatingIncome": "284000000", "operatingIncome": "2656000000", "otherOperatingExpense": "2626000000", "interestExpense": "1056000000", "taxProvision": "472000000", "interestIncome": "118000000", "netInterestIncome": "-938000000", "extraordinaryItems": "None", "nonRecurring": "None", "otherItems": "None", "incomeTaxExpense": "472000000", "totalOtherIncomeExpense": "-577000000", "discontinuedOperations": "None", "netIncomeFromContinuingOperations": "1412000000", "netIncomeApplicableToCommonShares": "1412000000", "preferredStockAndOtherAdjustments": "None"}, {"fiscalDateEnding": "2017-12-31", "reportedCurrency": "USD", "totalRevenue": "42207000000", "totalOperatingExpense": "20513000000", "costOfRevenue": "17636000000", "grossProfit": "24571000000", "ebit": "4137000000", "netIncome": "1919000000", "researchAndDevelopment": "0", "effectOfAccountingCharges": "None", "incomeBeforeTax": "3084000000", "minorityInterest": "None", "sellingGeneralAdministrative": "18099000000", "otherNonOperatingIncome": "79000000", "operatingIncome": "4058000000", "otherOperatingExpense": "2414000000", "interestExpense": "1053000000", "taxProvision": "1165000000", "interestIncome": "94000000", "netInterestIncome": "-959000000", "extraordinaryItems": "-823000000", "nonRecurring": "712000000", "otherItems": "None", "incomeTaxExpense": "1165000000", "totalOtherIncomeExpense": "-547000000", "discontinuedOperations": "None", "netIncomeFromContinuingOperations": "1919000000", "netIncomeApplicableToCommonShares": "1919000000", "preferredStockAndOtherAdjustments": "None"}, {"fiscalDateEnding": "2016-12-31", "reportedCurrency": "USD", "totalRevenue": "40180000000", "totalOperatingExpense": "18972000000", "costOfRevenue": "15924000000", "grossProfit": "24256000000", "ebit": "5290000000", "netIncome": "2676000000", "researchAndDevelopment": "0", "effectOfAccountingCharges": "None", "incomeBeforeTax": "4299000000", "minorityInterest": "None", "sellingGeneralAdministrative": "16738000000", "otherNonOperatingIncome": "6000000", "operatingIncome": "5284000000", "otherOperatingExpense": "2234000000", "interestExpense": "991000000", "taxProvision": "1623000000", "interestIncome": "63000000", "netInterestIncome": "-928000000", "extraordinaryItems": "None", "nonRecurring": "709000000", "otherItems": "None", "incomeTaxExpense": "1623000000", "totalOtherIncomeExpense": "-766000000", "discontinuedOperations": "None", "netIncomeFromContinuingOperations": "2676000000", "netIncomeApplicableToCommonShares": "2676000000", "preferredStockAndOtherAdjustments": "None"}, {"fiscalDateEnding": "2015-12-31", "reportedCurrency": "USD", "totalRevenue": "40990000000", "totalOperatingExpense": "17707000000", "costOfRevenue": "17079000000", "grossProfit": "23911000000", "ebit": "5496000000", "netIncome": "7610000000", "researchAndDevelopment": "0", "effectOfAccountingCharges": "None", "incomeBeforeTax": "4616000000", "minorityInterest": "None", "sellingGeneralAdministrative": "15292000000", "otherNonOperatingIncome": "-708000000", "operatingIncome": "6204000000", "otherOperatingExpense": "2415000000", "interestExpense": "880000000", "taxProvision": "-2994000000", "interestIncome": "-841000000", "netInterestIncome": "None", "extraordinaryItems": "None", "nonRecurring": "1051000000", "otherItems": "None", "incomeTaxExpense": "-2994000000", "totalOtherIncomeExpense": "-2668000000", "discontinuedOperations": "None", "netIncomeFromContinuingOperations": "7610000000", "netIncomeApplicableToCommonShares": "7610000000", "preferredStockAndOtherAdjustments": "None"}], "quarterlyReports": [{"fiscalDateEnding": "2020-06-30", "reportedCurrency": "USD", "totalRevenue": "1622000000", "totalOperatingExpense": "2154000000", "costOfRevenue": "1954000000", "grossProfit": "-332000000", "ebit": "-2405000000", "netIncome": "-2067000000", "researchAndDevelopment": "None", "effectOfAccountingCharges": "None", "incomeBeforeTax": "-2659000000", "minorityInterest": "None", "sellingGeneralAdministrative": "3149000000", "otherNonOperatingIncome": "81000000", "operatingIncome": "-2486000000", "otherOperatingExpense": "-995000000", "interestExpense": "254000000", "taxProvision": "-592000000", "interestIncome": "10000000", "netInterestIncome": "-244000000", "extraordinaryItems": "None", "nonRecurring": "None", "otherItems": "None", "incomeTaxExpense": "-592000000", "totalOtherIncomeExpense": "1542000000", "discontinuedOperations": "None", "netIncomeFromContinuingOperations": "-2067000000", "netIncomeApplicableToCommonShares": "-2067000000", "preferredStockAndOtherAdjustments": "None"}, {"fiscalDateEnding": "2020-03-31", "reportedCurrency": "USD", "totalRevenue": "8515000000", "totalOperatingExpense": "6314000000", "costOfRevenue": "4750000000", "grossProfit": "3765000000", "ebit": "-2633000000", "netIncome": "-2241000000", "researchAndDevelopment": "None", "effectOfAccountingCharges": "None", "incomeBeforeTax": "-2890000000", "minorityInterest": "None", "sellingGeneralAdministrative": "4622000000", "otherNonOperatingIncome": "-84000000", "operatingIncome": "-2549000000", "otherOperatingExpense": "1692000000", "interestExpense": "257000000", "taxProvision": "-649000000", "interestIncome": "21000000", "netInterestIncome": "-236000000", "extraordinaryItems": "None", "nonRecurring": "None", "otherItems": "None", "incomeTaxExpense": "-649000000", "totalOtherIncomeExpense": "-1004000000", "discontinuedOperations": "None", "netIncomeFromContinuingOperations": "-2241000000", "netIncomeApplicableToCommonShares": "-2241000000", "preferredStockAndOtherAdjustments": "None"}, {"fiscalDateEnding": "2019-12-31", "reportedCurrency": "USD", "totalRevenue": "11313000000", "totalOperatingExpense": "5398000000", "costOfRevenue": "5186000000", "grossProfit": "6127000000", "ebit": "837000000", "netIncome": "414000000", "researchAndDevelopment": "None", "effectOfAccountingCharges": "None", "incomeBeforeTax": "572000000", "minorityInterest": "None", "sellingGeneralAdministrative": "4736000000", "otherNonOperatingIncome": "108000000", "operatingIncome": "729000000", "otherOperatingExpense": "662000000", "interestExpense": "265000000", "taxProvision": "157000000", "interestIncome": "24000000", "netInterestIncome": "-241000000", "extraordinaryItems": "None", "nonRecurring": "None", "otherItems": "None", "incomeTaxExpense": "158000000", "totalOtherIncomeExpense": "-64000000", "discontinuedOperations": "None", "netIncomeFromContinuingOperations": "414000000", "netIncomeApplicableToCommonShares": "414000000", "preferredStockAndOtherAdjustments": "None"}, {"fiscalDateEnding": "2019-09-30", "reportedCurrency": "USD", "totalRevenue": "11911000000", "totalOperatingExpense": "5706000000", "costOfRevenue": "5397000000", "grossProfit": "6514000000", "ebit": "841000000", "netIncome": "425000000", "researchAndDevelopment": "None", "effectOfAccountingCharges": "None", "incomeBeforeTax": "557000000", "minorityInterest": "None", "sellingGeneralAdministrative": "4979000000", "otherNonOperatingIncome": "33000000", "operatingIncome": "808000000", "otherOperatingExpense": "727000000", "interestExpense": "284000000", "taxProvision": "132000000", "interestIncome": "34000000", "netInterestIncome": "-250000000", "extraordinaryItems": "None", "nonRecurring": "None", "otherItems": "None", "incomeTaxExpense": "132000000", "totalOtherIncomeExpense": "-228000000", "discontinuedOperations": "None", "netIncomeFromContinuingOperations": "425000000", "netIncomeApplicableToCommonShares": "425000000", "preferredStockAndOtherAdjustments": "None"}, {"fiscalDateEnding": "2019-06-30", "reportedCurrency": "USD", "totalRevenue": "11960000000", "totalOperatingExpense": "5482000000", "costOfRevenue": "5325000000", "grossProfit": "6635000000", "ebit": "1157000000", "netIncome": "662000000", "researchAndDevelopment": "None", "effectOfAccountingCharges": "None", "incomeBeforeTax": "882000000", "minorityInterest": "None", "sellingGeneralAdministrative": "4872000000", "otherNonOperatingIncome": "4000000", "operatingIncome": "1153000000", "otherOperatingExpense": "610000000", "interestExpense": "275000000", "taxProvision": "220000000", "interestIncome": "35000000", "netInterestIncome": "-240000000", "extraordinaryItems": "None", "nonRecurring": "None", "otherItems": "None", "incomeTaxExpense": "220000000", "totalOtherIncomeExpense": "-152000000", "discontinuedOperations": "None", "netIncomeFromContinuingOperations": "662000000", "netIncomeApplicableToCommonShares": "662000000", "preferredStockAndOtherAdjustments": "None"}, {"fiscalDateEnding": "2019-03-31", "reportedCurrency": "USD", "totalRevenue": "10584000000", "totalOperatingExpense": "5329000000", "costOfRevenue": "4880000000", "grossProfit": "5704000000", "ebit": "516000000", "netIncome": "185000000", "researchAndDevelopment": "None", "effectOfAccountingCharges": "None", "incomeBeforeTax": "245000000", "minorityInterest": "None", "sellingGeneralAdministrative": "4711000000", "otherNonOperatingIncome": "141000000", "operatingIncome": "375000000", "otherOperatingExpense": "618000000", "interestExpense": "271000000", "taxProvision": "60000000", "interestIncome": "33000000", "netInterestIncome": "-238000000", "extraordinaryItems": "None", "nonRecurring": "None", "otherItems": "None", "incomeTaxExpense": "60000000", "totalOtherIncomeExpense": "-12000000", "discontinuedOperations": "None", "netIncomeFromContinuingOperations": "185000000", "netIncomeApplicableToCommonShares": "185000000", "preferredStockAndOtherAdjustments": "None"}, {"fiscalDateEnding": "2018-12-31", "reportedCurrency": "USD", "totalRevenue": "10938000000", "totalOperatingExpense": "5284000000", "costOfRevenue": "5106000000", "grossProfit": "5832000000", "ebit": "646000000", "netIncome": "319000000", "researchAndDevelopment": "0", "effectOfAccountingCharges": "0", "incomeBeforeTax": "386000000", "minorityInterest": "0", "sellingGeneralAdministrative": "4601000000", "otherNonOperatingIncome": "98000000", "operatingIncome": "548000000", "otherOperatingExpense": "683000000", "interestExpense": "260000000", "taxProvision": "None", "interestIncome": "None", "netInterestIncome": "None", "extraordinaryItems": "0", "nonRecurring": "0", "otherItems": "0", "incomeTaxExpense": "67000000", "totalOtherIncomeExpense": "-473000000", "discontinuedOperations": "0", "netIncomeFromContinuingOperations": "319000000", "netIncomeApplicableToCommonShares": "319000000", "preferredStockAndOtherAdjustments": "None"}, {"fiscalDateEnding": "2018-09-30", "reportedCurrency": "USD", "totalRevenue": "11559000000", "totalOperatingExpense": "5508000000", "costOfRevenue": "5402000000", "grossProfit": "6157000000", "ebit": "721000000", "netIncome": "341000000", "researchAndDevelopment": "0", "effectOfAccountingCharges": "0", "incomeBeforeTax": "456000000", "minorityInterest": "0", "sellingGeneralAdministrative": "4820000000", "otherNonOperatingIncome": "72000000", "operatingIncome": "649000000", "otherOperatingExpense": "688000000", "interestExpense": "265000000", "taxProvision": "None", "interestIncome": "None", "netInterestIncome": "None", "extraordinaryItems": "0", "nonRecurring": "0", "otherItems": "0", "incomeTaxExpense": "115000000", "totalOtherIncomeExpense": "-485000000", "discontinuedOperations": "0", "netIncomeFromContinuingOperations": "341000000", "netIncomeApplicableToCommonShares": "341000000", "preferredStockAndOtherAdjustments": "None"}, {"fiscalDateEnding": "2018-06-30", "reportedCurrency": "USD", "totalRevenue": "11643000000", "totalOperatingExpense": "5419000000", "costOfRevenue": "5196000000", "grossProfit": "6447000000", "ebit": "1035000000", "netIncome": "566000000", "researchAndDevelopment": "0", "effectOfAccountingCharges": "0", "incomeBeforeTax": "769000000", "minorityInterest": "0", "sellingGeneralAdministrative": "4804000000", "otherNonOperatingIncome": "7000000", "operatingIncome": "1028000000", "otherOperatingExpense": "615000000", "interestExpense": "266000000", "taxProvision": "None", "interestIncome": "None", "netInterestIncome": "None", "extraordinaryItems": "0", "nonRecurring": "-195000000", "otherItems": "0", "incomeTaxExpense": "203000000", "totalOtherIncomeExpense": "-411000000", "discontinuedOperations": "0", "netIncomeFromContinuingOperations": "566000000", "netIncomeApplicableToCommonShares": "566000000", "preferredStockAndOtherAdjustments": "None"}, {"fiscalDateEnding": "2018-03-31", "reportedCurrency": "USD", "totalRevenue": "10401000000", "totalOperatingExpense": "5274000000", "costOfRevenue": "4696000000", "grossProfit": "5705000000", "ebit": "538000000", "netIncome": "186000000", "researchAndDevelopment": "0", "effectOfAccountingCharges": "0", "incomeBeforeTax": "273000000", "minorityInterest": "0", "sellingGeneralAdministrative": "4634000000", "otherNonOperatingIncome": "107000000", "operatingIncome": "431000000", "otherOperatingExpense": "640000000", "interestExpense": "265000000", "taxProvision": "None", "interestIncome": "None", "netInterestIncome": "None", "extraordinaryItems": "0", "nonRecurring": "195000000", "otherItems": "0", "incomeTaxExpense": "87000000", "totalOtherIncomeExpense": "-353000000", "discontinuedOperations": "0", "netIncomeFromContinuingOperations": "186000000", "netIncomeApplicableToCommonShares": "186000000", "preferredStockAndOtherAdjustments": "None"}, {"fiscalDateEnding": "2017-12-31", "reportedCurrency": "USD", "totalRevenue": "10600000000", "totalOperatingExpense": "5333000000", "costOfRevenue": "4577000000", "grossProfit": "6023000000", "ebit": "691000000", "netIncome": "258000000", "researchAndDevelopment": "0", "effectOfAccountingCharges": "0", "incomeBeforeTax": "424000000", "minorityInterest": "0", "sellingGeneralAdministrative": "4608000000", "otherNonOperatingIncome": "1000000", "operatingIncome": "690000000", "otherOperatingExpense": "725000000", "interestExpense": "267000000", "taxProvision": "None", "interestIncome": "None", "netInterestIncome": "None", "extraordinaryItems": "0", "nonRecurring": "415000000", "otherItems": "0", "incomeTaxExpense": "166000000", "totalOtherIncomeExpense": "-977000000", "discontinuedOperations": "0", "netIncomeFromContinuingOperations": "258000000", "netIncomeApplicableToCommonShares": "258000000", "preferredStockAndOtherAdjustments": "None"}, {"fiscalDateEnding": "2017-09-30", "reportedCurrency": "USD", "totalRevenue": "10878000000", "totalOperatingExpense": "5160000000", "costOfRevenue": "4486000000", "grossProfit": "6392000000", "ebit": "1270000000", "netIncome": "624000000", "researchAndDevelopment": "0", "effectOfAccountingCharges": "0", "incomeBeforeTax": "1004000000", "minorityInterest": "0", "sellingGeneralAdministrative": "4615000000", "otherNonOperatingIncome": "38000000", "operatingIncome": "1232000000", "otherOperatingExpense": "545000000", "interestExpense": "266000000", "taxProvision": "None", "interestIncome": "None", "netInterestIncome": "None", "extraordinaryItems": "0", "nonRecurring": "691000000", "otherItems": "0", "incomeTaxExpense": "380000000", "totalOtherIncomeExpense": "-709000000", "discontinuedOperations": "0", "netIncomeFromContinuingOperations": "624000000", "netIncomeApplicableToCommonShares": "624000000", "preferredStockAndOtherAdjustments": "None"}, {"fiscalDateEnding": "2017-06-30", "reportedCurrency": "USD", "totalRevenue": "11105000000", "totalOperatingExpense": "5199000000", "costOfRevenue": "4371000000", "grossProfit": "6734000000", "ebit": "1554000000", "netIncome": "803000000", "researchAndDevelopment": "0", "effectOfAccountingCharges": "0", "incomeBeforeTax": "1291000000", "minorityInterest": "0", "sellingGeneralAdministrative": "4579000000", "otherNonOperatingIncome": "19000000", "operatingIncome": "1535000000", "otherOperatingExpense": "620000000", "interestExpense": "263000000", "taxProvision": "None", "interestIncome": "None", "netInterestIncome": "None", "extraordinaryItems": "0", "nonRecurring": "-513000000", "otherItems": "0", "incomeTaxExpense": "488000000", "totalOtherIncomeExpense": "0", "discontinuedOperations": "0", "netIncomeFromContinuingOperations": "803000000", "netIncomeApplicableToCommonShares": "803000000", "preferredStockAndOtherAdjustments": "None"}, {"fiscalDateEnding": "2017-03-31", "reportedCurrency": "USD", "totalRevenue": "9624000000", "totalOperatingExpense": "4821000000", "costOfRevenue": "4202000000", "grossProfit": "5422000000", "ebit": "622000000", "netIncome": "234000000", "researchAndDevelopment": "0", "effectOfAccountingCharges": "0", "incomeBeforeTax": "365000000", "minorityInterest": "0", "sellingGeneralAdministrative": "4297000000", "otherNonOperatingIncome": "21000000", "operatingIncome": "601000000", "otherOperatingExpense": "524000000", "interestExpense": "257000000", "taxProvision": "None", "interestIncome": "None", "netInterestIncome": "None", "extraordinaryItems": "0", "nonRecurring": "119000000", "otherItems": "0", "incomeTaxExpense": "131000000", "totalOtherIncomeExpense": "0", "discontinuedOperations": "0", "netIncomeFromContinuingOperations": "234000000", "netIncomeApplicableToCommonShares": "234000000", "preferredStockAndOtherAdjustments": "None"}, {"fiscalDateEnding": "2016-12-31", "reportedCurrency": "USD", "totalRevenue": "9789000000", "totalOperatingExpense": "34296000000", "costOfRevenue": "6605000000", "grossProfit": "13328000000", "ebit": "13117000000", "netIncome": "289000000", "researchAndDevelopment": "0", "effectOfAccountingCharges": "0", "incomeBeforeTax": "500000000", "minorityInterest": "0", "sellingGeneralAdministrative": "1677000000", "otherNonOperatingIncome": "None", "operatingIncome": "1027000000", "otherOperatingExpense": "6105000000", "interestExpense": "264000000", "taxProvision": "None", "interestIncome": "None", "netInterestIncome": "None", "extraordinaryItems": "0", "nonRecurring": "730000000", "otherItems": "0", "incomeTaxExpense": "211000000", "totalOtherIncomeExpense": "-1476000000", "discontinuedOperations": "0", "netIncomeFromContinuingOperations": "6597000000", "netIncomeApplicableToCommonShares": "289000000", "preferredStockAndOtherAdjustments": "None"}, {"fiscalDateEnding": "2016-09-30", "reportedCurrency": "USD", "totalRevenue": "10593000000", "totalOperatingExpense": "0", "costOfRevenue": "6660000000", "grossProfit": "0", "ebit": "-9013000000", "netIncome": "737000000", "researchAndDevelopment": "0", "effectOfAccountingCharges": "0", "incomeBeforeTax": "1189000000", "minorityInterest": "0", "sellingGeneralAdministrative": "1732000000", "otherNonOperatingIncome": "None", "operatingIncome": "1724000000", "otherOperatingExpense": "-1845000000", "interestExpense": "261000000", "taxProvision": "None", "interestIncome": "None", "netInterestIncome": "None", "extraordinaryItems": "0", "nonRecurring": "-83000000", "otherItems": "0", "incomeTaxExpense": "452000000", "totalOtherIncomeExpense": "-654000000", "discontinuedOperations": "0", "netIncomeFromContinuingOperations": "-4963000000", "netIncomeApplicableToCommonShares": "737000000", "preferredStockAndOtherAdjustments": "None"}, {"fiscalDateEnding": "2016-06-30", "reportedCurrency": "USD", "totalRevenue": "10363000000", "totalOperatingExpense": "4567000000", "costOfRevenue": "4045000000", "grossProfit": "6318000000", "ebit": "1742000000", "netIncome": "950000000", "researchAndDevelopment": "0", "effectOfAccountingCharges": "0", "incomeBeforeTax": "1493000000", "minorityInterest": "0", "sellingGeneralAdministrative": "4131000000", "otherNonOperatingIncome": "-9000000", "operatingIncome": "1751000000", "otherOperatingExpense": "436000000", "interestExpense": "249000000", "taxProvision": "None", "interestIncome": "None", "netInterestIncome": "None", "extraordinaryItems": "0", "nonRecurring": "62000000", "otherItems": "0", "incomeTaxExpense": "543000000", "totalOtherIncomeExpense": "654000000", "discontinuedOperations": "0", "netIncomeFromContinuingOperations": "950000000", "netIncomeApplicableToCommonShares": "950000000", "preferredStockAndOtherAdjustments": "None"}, {"fiscalDateEnding": "2016-03-31", "reportedCurrency": "USD", "totalRevenue": "9435000000", "totalOperatingExpense": "4492000000", "costOfRevenue": "3608000000", "grossProfit": "5827000000", "ebit": "1356000000", "netIncome": "700000000", "researchAndDevelopment": "0", "effectOfAccountingCharges": "0", "incomeBeforeTax": "1117000000", "minorityInterest": "0", "sellingGeneralAdministrative": "4038000000", "otherNonOperatingIncome": "21000000", "operatingIncome": "1335000000", "otherOperatingExpense": "454000000", "interestExpense": "239000000", "taxProvision": "None", "interestIncome": "None", "netInterestIncome": "None", "extraordinaryItems": "0", "nonRecurring": "0", "otherItems": "0", "incomeTaxExpense": "417000000", "totalOtherIncomeExpense": "-218000000", "discontinuedOperations": "0", "netIncomeFromContinuingOperations": "700000000", "netIncomeApplicableToCommonShares": "700000000", "preferredStockAndOtherAdjustments": "None"}, {"fiscalDateEnding": "2015-12-31", "reportedCurrency": "USD", "totalRevenue": "9630000000", "totalOperatingExpense": "4615000000", "costOfRevenue": "3947000000", "grossProfit": "5683000000", "ebit": "473000000", "netIncome": "3281000000", "researchAndDevelopment": "0", "effectOfAccountingCharges": "0", "incomeBeforeTax": "245000000", "minorityInterest": "0", "sellingGeneralAdministrative": "3822000000", "otherNonOperatingIncome": "-595000000", "operatingIncome": "1068000000", "otherOperatingExpense": "793000000", "interestExpense": "228000000", "taxProvision": "None", "interestIncome": "None", "netInterestIncome": "None", "extraordinaryItems": "0", "nonRecurring": "1051000000", "otherItems": "0", "incomeTaxExpense": "-3036000000", "totalOtherIncomeExpense": "-2580000000", "discontinuedOperations": "0", "netIncomeFromContinuingOperations": "3281000000", "netIncomeApplicableToCommonShares": "3281000000", "preferredStockAndOtherAdjustments": "None"}, {"fiscalDateEnding": "2015-09-30", "reportedCurrency": "USD", "totalRevenue": "10706000000", "totalOperatingExpense": "4400000000", "costOfRevenue": "4307000000", "grossProfit": "6399000000", "ebit": "1928000000", "netIncome": "1693000000", "researchAndDevelopment": "0", "effectOfAccountingCharges": "0", "incomeBeforeTax": "1709000000", "minorityInterest": "0", "sellingGeneralAdministrative": "3901000000", "otherNonOperatingIncome": "-71000000", "operatingIncome": "1999000000", "otherOperatingExpense": "499000000", "interestExpense": "219000000", "taxProvision": "None", "interestIncome": "None", "netInterestIncome": "None", "extraordinaryItems": "0", "nonRecurring": "0", "otherItems": "0", "incomeTaxExpense": "16000000", "totalOtherIncomeExpense": "-159000000", "discontinuedOperations": "0", "netIncomeFromContinuingOperations": "1693000000", "netIncomeApplicableToCommonShares": "1693000000", "preferredStockAndOtherAdjustments": "None"}, {"fiscalDateEnding": "2015-06-30", "reportedCurrency": "USD", "totalRevenue": "10827000000", "totalOperatingExpense": "4306000000", "costOfRevenue": "4600000000", "grossProfit": "6227000000", "ebit": "1942000000", "netIncome": "1704000000", "researchAndDevelopment": "0", "effectOfAccountingCharges": "0", "incomeBeforeTax": "1719000000", "minorityInterest": "0", "sellingGeneralAdministrative": "3822000000", "otherNonOperatingIncome": "21000000", "operatingIncome": "1921000000", "otherOperatingExpense": "484000000", "interestExpense": "223000000", "taxProvision": "None", "interestIncome": "None", "netInterestIncome": "None", "extraordinaryItems": "0", "nonRecurring": "0", "otherItems": "0", "incomeTaxExpense": "15000000", "totalOtherIncomeExpense": "344000000", "discontinuedOperations": "0", "netIncomeFromContinuingOperations": "1704000000", "netIncomeApplicableToCommonShares": "1704000000", "preferredStockAndOtherAdjustments": "None"}]}