{"symbol": "AAMC", "annualReports": [{"fiscalDateEnding": "2019-12-31", "reportedCurrency": "USD", "totalRevenue": "15762000", "totalOperatingExpense": "24787000", "costOfRevenue": "17029000", "grossProfit": "15762000", "ebit": "-2275000", "netIncome": "-2613000", "researchAndDevelopment": "None", "effectOfAccountingCharges": "None", "incomeBeforeTax": "-2275000", "minorityInterest": "None", "sellingGeneralAdministrative": "7758000", "otherNonOperatingIncome": "6750000", "operatingIncome": "-9025000", "otherOperatingExpense": "17029000", "interestExpense": "None", "taxProvision": "338000", "interestIncome": "6595000", "netInterestIncome": "None", "extraordinaryItems": "None", "nonRecurring": "None", "otherItems": "None", "incomeTaxExpense": "338000", "totalOtherIncomeExpense": "6750000", "discontinuedOperations": "None", "netIncomeFromContinuingOperations": "-2613000", "netIncomeApplicableToCommonShares": "-2819000", "preferredStockAndOtherAdjustments": "None"}, {"fiscalDateEnding": "2018-12-31", "reportedCurrency": "USD", "totalRevenue": "15926000", "totalOperatingExpense": "22534000", "costOfRevenue": "17320000", "grossProfit": "15926000", "ebit": "-10501000", "netIncome": "-10876000", "researchAndDevelopment": "0", "effectOfAccountingCharges": "0", "incomeBeforeTax": "-10501000", "minorityInterest": "0", "sellingGeneralAdministrative": "5214000", "otherNonOperatingIncome": "-3893000", "operatingIncome": "-6608000", "otherOperatingExpense": "17320000", "interestExpense": "0", "taxProvision": "375000", "interestIncome": "-4109000", "netInterestIncome": "None", "extraordinaryItems": "0", "nonRecurring": "0", "otherItems": "0", "incomeTaxExpense": "375000", "totalOtherIncomeExpense": "-3893000", "discontinuedOperations": "0", "netIncomeFromContinuingOperations": "-10876000", "netIncomeApplicableToCommonShares": "-11082000", "preferredStockAndOtherAdjustments": "0"}, {"fiscalDateEnding": "2017-12-31", "reportedCurrency": "USD", "totalRevenue": "18160000", "totalOperatingExpense": "25507000", "costOfRevenue": "0", "grossProfit": "18160000", "ebit": "-6261000", "netIncome": "-6969000", "researchAndDevelopment": "0", "effectOfAccountingCharges": "0", "incomeBeforeTax": "-6261000", "minorityInterest": "0", "sellingGeneralAdministrative": "6114000", "otherNonOperatingIncome": "1086000", "operatingIncome": "-7347000", "otherOperatingExpense": "19393000", "interestExpense": "0", "taxProvision": "708000", "interestIncome": "975000", "netInterestIncome": "0", "extraordinaryItems": "0", "nonRecurring": "0", "otherItems": "0", "incomeTaxExpense": "708000", "totalOtherIncomeExpense": "1086000", "discontinuedOperations": "0", "netIncomeFromContinuingOperations": "-6969000", "netIncomeApplicableToCommonShares": "-7175000", "preferredStockAndOtherAdjustments": "0"}, {"fiscalDateEnding": "2016-12-31", "reportedCurrency": "USD", "totalRevenue": "19991000", "totalOperatingExpense": "24314000", "costOfRevenue": "0", "grossProfit": "19991000", "ebit": "-3229000", "netIncome": "-4935000", "researchAndDevelopment": "0", "effectOfAccountingCharges": "0", "incomeBeforeTax": "-3229000", "minorityInterest": "0", "sellingGeneralAdministrative": "6945000", "otherNonOperatingIncome": "1094000", "operatingIncome": "-4323000", "otherOperatingExpense": "17369000", "interestExpense": "0", "taxProvision": "1706000", "interestIncome": "0", "netInterestIncome": "0", "extraordinaryItems": "0", "nonRecurring": "0", "otherItems": "0", "incomeTaxExpense": "1706000", "totalOtherIncomeExpense": "1094000", "discontinuedOperations": "0", "netIncomeFromContinuingOperations": "-4935000", "netIncomeApplicableToCommonShares": "-4935000", "preferredStockAndOtherAdjustments": "0"}, {"fiscalDateEnding": "2015-12-31", "reportedCurrency": "USD", "totalRevenue": "248099000", "totalOperatingExpense": "296633000", "costOfRevenue": "62346000", "grossProfit": "248099000", "ebit": "-48534000", "netIncome": "-3290000", "researchAndDevelopment": "0", "effectOfAccountingCharges": "0", "incomeBeforeTax": "-48534000", "minorityInterest": "-45598000", "sellingGeneralAdministrative": "161508000", "otherNonOperatingIncome": "0", "operatingIncome": "-48534000", "otherOperatingExpense": "7472000", "interestExpense": "53131000", "taxProvision": "354000", "interestIncome": "None", "netInterestIncome": "None", "extraordinaryItems": "0", "nonRecurring": "127653000", "otherItems": "0", "incomeTaxExpense": "354000", "totalOtherIncomeExpense": "-89631000", "discontinuedOperations": "0", "netIncomeFromContinuingOperations": "-48888000", "netIncomeApplicableToCommonShares": "-3290000", "preferredStockAndOtherAdjustments": "0"}], "quarterlyReports": [{"fiscalDateEnding": "2020-06-30", "reportedCurrency": "USD", "totalRevenue": "4297000", "totalOperatingExpense": "7523000", "costOfRevenue": "4826000", "grossProfit": "-529000", "ebit": "-3031000", "netIncome": "-7835000", "researchAndDevelopment": "None", "effectOfAccountingCharges": "None", "incomeBeforeTax": "-8488000", "minorityInterest": "None", "sellingGeneralAdministrative": "2697000", "otherNonOperatingIncome": "None", "operatingIncome": "-3226000", "otherOperatingExpense": "-713000", "interestExpense": "None", "taxProvision": "-653000", "interestIncome": "None", "netInterestIncome": "None", "extraordinaryItems": "None", "nonRecurring": "None", "otherItems": "None", "incomeTaxExpense": "-653000", "totalOtherIncomeExpense": "-5262000", "discontinuedOperations": "None", "netIncomeFromContinuingOperations": "-7835000", "netIncomeApplicableToCommonShares": "-7835000", "preferredStockAndOtherAdjustments": "None"}, {"fiscalDateEnding": "2020-03-31", "reportedCurrency": "USD", "totalRevenue": "3952000", "totalOperatingExpense": "7173000", "costOfRevenue": "4544000", "grossProfit": "3952000", "ebit": "-3574000", "netIncome": "-3757000", "researchAndDevelopment": "None", "effectOfAccountingCharges": "None", "incomeBeforeTax": "-3574000", "minorityInterest": "None", "sellingGeneralAdministrative": "2629000", "otherNonOperatingIncome": "-353000", "operatingIncome": "-3221000", "otherOperatingExpense": "4544000", "interestExpense": "None", "taxProvision": "183000", "interestIncome": "-390000", "netInterestIncome": "None", "extraordinaryItems": "None", "nonRecurring": "None", "otherItems": "None", "incomeTaxExpense": "183000", "totalOtherIncomeExpense": "-353000", "discontinuedOperations": "None", "netIncomeFromContinuingOperations": "-3757000", "netIncomeApplicableToCommonShares": "-3799000", "preferredStockAndOtherAdjustments": "None"}, {"fiscalDateEnding": "2019-12-31", "reportedCurrency": "USD", "totalRevenue": "4127000", "totalOperatingExpense": "6807000", "costOfRevenue": "4154000", "grossProfit": "4127000", "ebit": "-1374000", "netIncome": "-1539000", "researchAndDevelopment": "None", "effectOfAccountingCharges": "None", "incomeBeforeTax": "-1374000", "minorityInterest": "None", "sellingGeneralAdministrative": "2653000", "otherNonOperatingIncome": "1306000", "operatingIncome": "-2680000", "otherOperatingExpense": "4154000", "interestExpense": "None", "taxProvision": "165000", "interestIncome": "1267000", "netInterestIncome": "None", "extraordinaryItems": "None", "nonRecurring": "None", "otherItems": "None", "incomeTaxExpense": "165000", "totalOtherIncomeExpense": "1306000", "discontinuedOperations": "None", "netIncomeFromContinuingOperations": "-1539000", "netIncomeApplicableToCommonShares": "-1590000", "preferredStockAndOtherAdjustments": "None"}, {"fiscalDateEnding": "2019-09-30", "reportedCurrency": "USD", "totalRevenue": "3834000", "totalOperatingExpense": "5707000", "costOfRevenue": "4219000", "grossProfit": "3834000", "ebit": "-2638000", "netIncome": "-3523000", "researchAndDevelopment": "None", "effectOfAccountingCharges": "None", "incomeBeforeTax": "-2638000", "minorityInterest": "None", "sellingGeneralAdministrative": "1488000", "otherNonOperatingIncome": "-765000", "operatingIncome": "-1873000", "otherOperatingExpense": "4219000", "interestExpense": "None", "taxProvision": "885000", "interestIncome": "-828000", "netInterestIncome": "None", "extraordinaryItems": "None", "nonRecurring": "None", "otherItems": "None", "incomeTaxExpense": "885000", "totalOtherIncomeExpense": "-765000", "discontinuedOperations": "None", "netIncomeFromContinuingOperations": "-3523000", "netIncomeApplicableToCommonShares": "-3575000", "preferredStockAndOtherAdjustments": "None"}, {"fiscalDateEnding": "2019-06-30", "reportedCurrency": "USD", "totalRevenue": "3898000", "totalOperatingExpense": "6474000", "costOfRevenue": "4238000", "grossProfit": "3898000", "ebit": "2508000", "netIncome": "3289000", "researchAndDevelopment": "0", "effectOfAccountingCharges": "0", "incomeBeforeTax": "2508000", "minorityInterest": "0", "sellingGeneralAdministrative": "2236000", "otherNonOperatingIncome": "5084000", "operatingIncome": "-2576000", "otherOperatingExpense": "4238000", "interestExpense": "0", "taxProvision": "-781000", "interestIncome": "5035000", "netInterestIncome": "None", "extraordinaryItems": "0", "nonRecurring": "0", "otherItems": "0", "incomeTaxExpense": "-781000", "totalOtherIncomeExpense": "5084000", "discontinuedOperations": "0", "netIncomeFromContinuingOperations": "3289000", "netIncomeApplicableToCommonShares": "3237000", "preferredStockAndOtherAdjustments": "0"}, {"fiscalDateEnding": "2019-03-31", "reportedCurrency": "USD", "totalRevenue": "3903000", "totalOperatingExpense": "5799000", "costOfRevenue": "4418000", "grossProfit": "3903000", "ebit": "-771000", "netIncome": "-840000", "researchAndDevelopment": "0", "effectOfAccountingCharges": "0", "incomeBeforeTax": "-771000", "minorityInterest": "0", "sellingGeneralAdministrative": "1381000", "otherNonOperatingIncome": "1125000", "operatingIncome": "-1896000", "otherOperatingExpense": "4418000", "interestExpense": "0", "taxProvision": "69000", "interestIncome": "1121000", "netInterestIncome": "None", "extraordinaryItems": "0", "nonRecurring": "0", "otherItems": "0", "incomeTaxExpense": "69000", "totalOtherIncomeExpense": "1125000", "discontinuedOperations": "0", "netIncomeFromContinuingOperations": "-840000", "netIncomeApplicableToCommonShares": "-891000", "preferredStockAndOtherAdjustments": "0"}, {"fiscalDateEnding": "2018-12-31", "reportedCurrency": "USD", "totalRevenue": "4024000", "totalOperatingExpense": "5115000", "costOfRevenue": "3977000", "grossProfit": "4024000", "ebit": "-4224000", "netIncome": "-4290000", "researchAndDevelopment": "0", "effectOfAccountingCharges": "0", "incomeBeforeTax": "-4224000", "minorityInterest": "0", "sellingGeneralAdministrative": "1138000", "otherNonOperatingIncome": "-3133000", "operatingIncome": "-1091000", "otherOperatingExpense": "3977000", "interestExpense": "0", "taxProvision": "None", "interestIncome": "None", "netInterestIncome": "None", "extraordinaryItems": "0", "nonRecurring": "0", "otherItems": "0", "incomeTaxExpense": "66000", "totalOtherIncomeExpense": "-3133000", "discontinuedOperations": "0", "netIncomeFromContinuingOperations": "-4290000", "netIncomeApplicableToCommonShares": "-4341000", "preferredStockAndOtherAdjustments": "0"}, {"fiscalDateEnding": "2018-09-30", "reportedCurrency": "USD", "totalRevenue": "3934000", "totalOperatingExpense": "6072000", "costOfRevenue": "4605000", "grossProfit": "3934000", "ebit": "-1138000", "netIncome": "-1155000", "researchAndDevelopment": "0", "effectOfAccountingCharges": "0", "incomeBeforeTax": "-1138000", "minorityInterest": "0", "sellingGeneralAdministrative": "1467000", "otherNonOperatingIncome": "1000000", "operatingIncome": "-2138000", "otherOperatingExpense": "4605000", "interestExpense": "0", "taxProvision": "None", "interestIncome": "None", "netInterestIncome": "None", "extraordinaryItems": "0", "nonRecurring": "0", "otherItems": "0", "incomeTaxExpense": "17000", "totalOtherIncomeExpense": "1000000", "discontinuedOperations": "0", "netIncomeFromContinuingOperations": "-1155000", "netIncomeApplicableToCommonShares": "-1207000", "preferredStockAndOtherAdjustments": "0"}, {"fiscalDateEnding": "2018-06-30", "reportedCurrency": "USD", "totalRevenue": "3916000", "totalOperatingExpense": "5834000", "costOfRevenue": "4524000", "grossProfit": "3916000", "ebit": "-1025000", "netIncome": "-1067000", "researchAndDevelopment": "0", "effectOfAccountingCharges": "0", "incomeBeforeTax": "-1025000", "minorityInterest": "0", "sellingGeneralAdministrative": "1310000", "otherNonOperatingIncome": "893000", "operatingIncome": "-1918000", "otherOperatingExpense": "4524000", "interestExpense": "0", "taxProvision": "None", "interestIncome": "None", "netInterestIncome": "None", "extraordinaryItems": "0", "nonRecurring": "-0.01", "otherItems": "0", "incomeTaxExpense": "42000", "totalOtherIncomeExpense": "893000", "discontinuedOperations": "0", "netIncomeFromContinuingOperations": "-1067000", "netIncomeApplicableToCommonShares": "-1119000", "preferredStockAndOtherAdjustments": "0"}, {"fiscalDateEnding": "2018-03-31", "reportedCurrency": "USD", "totalRevenue": "4052000", "totalOperatingExpense": "5513000", "costOfRevenue": "4214000", "grossProfit": "4052000", "ebit": "-4114000", "netIncome": "-4364000", "researchAndDevelopment": "0", "effectOfAccountingCharges": "0", "incomeBeforeTax": "-4114000", "minorityInterest": "0", "sellingGeneralAdministrative": "1299000", "otherNonOperatingIncome": "-2653000", "operatingIncome": "-1461000", "otherOperatingExpense": "4214000", "interestExpense": "0", "taxProvision": "None", "interestIncome": "None", "netInterestIncome": "None", "extraordinaryItems": "0", "nonRecurring": "352000", "otherItems": "0", "incomeTaxExpense": "250000", "totalOtherIncomeExpense": "-2653000", "discontinuedOperations": "0", "netIncomeFromContinuingOperations": "-4364000", "netIncomeApplicableToCommonShares": "-4415000", "preferredStockAndOtherAdjustments": "None"}, {"fiscalDateEnding": "2017-12-31", "reportedCurrency": "USD", "totalRevenue": "4077000", "totalOperatingExpense": "5924000", "costOfRevenue": "5728000", "grossProfit": "4077000", "ebit": "-1560000", "netIncome": "-1784000", "researchAndDevelopment": "0", "effectOfAccountingCharges": "0", "incomeBeforeTax": "-1560000", "minorityInterest": "0", "sellingGeneralAdministrative": "1534000", "otherNonOperatingIncome": "287000", "operatingIncome": "-1847000", "otherOperatingExpense": "4390000", "interestExpense": "0", "taxProvision": "None", "interestIncome": "None", "netInterestIncome": "None", "extraordinaryItems": "0", "nonRecurring": "1883000", "otherItems": "0", "incomeTaxExpense": "224000", "totalOtherIncomeExpense": "801000", "discontinuedOperations": "0", "netIncomeFromContinuingOperations": "-1784000", "netIncomeApplicableToCommonShares": "-1887000", "preferredStockAndOtherAdjustments": "None"}, {"fiscalDateEnding": "2017-09-30", "reportedCurrency": "USD", "totalRevenue": "4429000", "totalOperatingExpense": "6712000", "costOfRevenue": "6606000", "grossProfit": "4429000", "ebit": "-1998000", "netIncome": "-2125000", "researchAndDevelopment": "0", "effectOfAccountingCharges": "0", "incomeBeforeTax": "-1998000", "minorityInterest": "0", "sellingGeneralAdministrative": "1677000", "otherNonOperatingIncome": "285000", "operatingIncome": "-2283000", "otherOperatingExpense": "5035000", "interestExpense": "0", "taxProvision": "None", "interestIncome": "None", "netInterestIncome": "None", "extraordinaryItems": "0", "nonRecurring": "1943000", "otherItems": "0", "incomeTaxExpense": "127000", "totalOtherIncomeExpense": "27000", "discontinuedOperations": "0", "netIncomeFromContinuingOperations": "-2125000", "netIncomeApplicableToCommonShares": "-2177000", "preferredStockAndOtherAdjustments": "None"}, {"fiscalDateEnding": "2017-06-30", "reportedCurrency": "USD", "totalRevenue": "4643000", "totalOperatingExpense": "6343000", "costOfRevenue": "6343000", "grossProfit": "4643000", "ebit": "-1442000", "netIncome": "-1742000", "researchAndDevelopment": "0", "effectOfAccountingCharges": "0", "incomeBeforeTax": "-1442000", "minorityInterest": "0", "sellingGeneralAdministrative": "1062000", "otherNonOperatingIncome": "258000", "operatingIncome": "-1700000", "otherOperatingExpense": "5281000", "interestExpense": "0", "taxProvision": "None", "interestIncome": "None", "netInterestIncome": "None", "extraordinaryItems": "0", "nonRecurring": "-1716000", "otherItems": "0", "incomeTaxExpense": "300000", "totalOtherIncomeExpense": "2000", "discontinuedOperations": "0", "netIncomeFromContinuingOperations": "-1742000", "netIncomeApplicableToCommonShares": "-1793000", "preferredStockAndOtherAdjustments": "None"}, {"fiscalDateEnding": "2017-03-31", "reportedCurrency": "USD", "totalRevenue": "5011000", "totalOperatingExpense": "6528000", "costOfRevenue": "6528000", "grossProfit": "5011000", "ebit": "-1261000", "netIncome": "-1318000", "researchAndDevelopment": "0", "effectOfAccountingCharges": "0", "incomeBeforeTax": "-1261000", "minorityInterest": "0", "sellingGeneralAdministrative": "1841000", "otherNonOperatingIncome": "256000", "operatingIncome": "-1517000", "otherOperatingExpense": "4687000", "interestExpense": "0", "taxProvision": "None", "interestIncome": "None", "netInterestIncome": "None", "extraordinaryItems": "0", "nonRecurring": "684000", "otherItems": "0", "incomeTaxExpense": "57000", "totalOtherIncomeExpense": "256000", "discontinuedOperations": "0", "netIncomeFromContinuingOperations": "-1318000", "netIncomeApplicableToCommonShares": "-1318000", "preferredStockAndOtherAdjustments": "None"}, {"fiscalDateEnding": "2016-12-31", "reportedCurrency": "USD", "totalRevenue": "4415000", "totalOperatingExpense": "6414000", "costOfRevenue": "6414000", "grossProfit": "4415000", "ebit": "-960000", "netIncome": "-1663000", "researchAndDevelopment": "0", "effectOfAccountingCharges": "0", "incomeBeforeTax": "-960000", "minorityInterest": "0", "sellingGeneralAdministrative": "-3399000", "otherNonOperatingIncome": "1039000", "operatingIncome": "-1999000", "otherOperatingExpense": "9813000", "interestExpense": "0", "taxProvision": "None", "interestIncome": "None", "netInterestIncome": "None", "extraordinaryItems": "0", "nonRecurring": "2173000", "otherItems": "0", "incomeTaxExpense": "703000", "totalOtherIncomeExpense": "1094000", "discontinuedOperations": "0", "netIncomeFromContinuingOperations": "-1663000", "netIncomeApplicableToCommonShares": "-1663000", "preferredStockAndOtherAdjustments": "None"}, {"fiscalDateEnding": "2016-09-30", "reportedCurrency": "USD", "totalRevenue": "4854000", "totalOperatingExpense": "6032000", "costOfRevenue": "6032000", "grossProfit": "5102000", "ebit": "-930000", "netIncome": "-1071000", "researchAndDevelopment": "0", "effectOfAccountingCharges": "0", "incomeBeforeTax": "-930000", "minorityInterest": "0", "sellingGeneralAdministrative": "3413000", "otherNonOperatingIncome": "None", "operatingIncome": "-930000", "otherOperatingExpense": "2619000", "interestExpense": "0", "taxProvision": "None", "interestIncome": "None", "netInterestIncome": "None", "extraordinaryItems": "0", "nonRecurring": "0", "otherItems": "0", "incomeTaxExpense": "141000", "totalOtherIncomeExpense": "-55000", "discontinuedOperations": "0", "netIncomeFromContinuingOperations": "-1071000", "netIncomeApplicableToCommonShares": "-1071000", "preferredStockAndOtherAdjustments": "None"}, {"fiscalDateEnding": "2016-06-30", "reportedCurrency": "USD", "totalRevenue": "5654000", "totalOperatingExpense": "6097000", "costOfRevenue": "6097000", "grossProfit": "5654000", "ebit": "-388000", "netIncome": "-1261000", "researchAndDevelopment": "0", "effectOfAccountingCharges": "0", "incomeBeforeTax": "-388000", "minorityInterest": "0", "sellingGeneralAdministrative": "3508000", "otherNonOperatingIncome": "55000", "operatingIncome": "-443000", "otherOperatingExpense": "2589000", "interestExpense": "0", "taxProvision": "None", "interestIncome": "None", "netInterestIncome": "None", "extraordinaryItems": "0", "nonRecurring": "0", "otherItems": "0", "incomeTaxExpense": "873000", "totalOtherIncomeExpense": "55000", "discontinuedOperations": "0", "netIncomeFromContinuingOperations": "-1261000", "netIncomeApplicableToCommonShares": "-1261000", "preferredStockAndOtherAdjustments": "None"}, {"fiscalDateEnding": "2016-03-31", "reportedCurrency": "USD", "totalRevenue": "4526000", "totalOperatingExpense": "5771000", "costOfRevenue": "5771000", "grossProfit": "4820000", "ebit": "-951000", "netIncome": "-940000", "researchAndDevelopment": "0", "effectOfAccountingCharges": "0", "incomeBeforeTax": "-951000", "minorityInterest": "0", "sellingGeneralAdministrative": "3423000", "otherNonOperatingIncome": "None", "operatingIncome": "-951000", "otherOperatingExpense": "2348000", "interestExpense": "0", "taxProvision": "None", "interestIncome": "None", "netInterestIncome": "None", "extraordinaryItems": "0", "nonRecurring": "0", "otherItems": "0", "incomeTaxExpense": "-11000", "totalOtherIncomeExpense": "0", "discontinuedOperations": "0", "netIncomeFromContinuingOperations": "-940000", "netIncomeApplicableToCommonShares": "-940000", "preferredStockAndOtherAdjustments": "None"}, {"fiscalDateEnding": "2015-12-31", "reportedCurrency": "USD", "totalRevenue": "24142000", "totalOperatingExpense": "98748000", "costOfRevenue": "34733000", "grossProfit": "24142000", "ebit": "-74606000", "netIncome": "-8941000", "researchAndDevelopment": "0", "effectOfAccountingCharges": "0", "incomeBeforeTax": "-74606000", "minorityInterest": "-65779000", "sellingGeneralAdministrative": "41164000", "otherNonOperatingIncome": "None", "operatingIncome": "-74606000", "otherOperatingExpense": "-16464000", "interestExpense": "14217000", "taxProvision": "None", "interestIncome": "None", "netInterestIncome": "None", "extraordinaryItems": "0", "nonRecurring": "74048000", "otherItems": "0", "incomeTaxExpense": "114000", "totalOtherIncomeExpense": "-89631000", "discontinuedOperations": "0", "netIncomeFromContinuingOperations": "-74720000", "netIncomeApplicableToCommonShares": "-8941000", "preferredStockAndOtherAdjustments": "None"}, {"fiscalDateEnding": "2015-09-30", "reportedCurrency": "USD", "totalRevenue": "58523000", "totalOperatingExpense": "65935000", "costOfRevenue": "30051000", "grossProfit": "58523000", "ebit": "-7412000", "netIncome": "-1980000", "researchAndDevelopment": "0", "effectOfAccountingCharges": "0", "incomeBeforeTax": "-7412000", "minorityInterest": "-5335000", "sellingGeneralAdministrative": "38986000", "otherNonOperatingIncome": "None", "operatingIncome": "-7412000", "otherOperatingExpense": "12755000", "interestExpense": "14194000", "taxProvision": "None", "interestIncome": "None", "netInterestIncome": "None", "extraordinaryItems": "0", "nonRecurring": "14194000", "otherItems": "0", "incomeTaxExpense": "-97000", "totalOtherIncomeExpense": "0", "discontinuedOperations": "0", "netIncomeFromContinuingOperations": "-7315000", "netIncomeApplicableToCommonShares": "-1980000", "preferredStockAndOtherAdjustments": "None"}, {"fiscalDateEnding": "2015-06-30", "reportedCurrency": "USD", "totalRevenue": "76519000", "totalOperatingExpense": "62490000", "costOfRevenue": "33103000", "grossProfit": "76519000", "ebit": "14029000", "netIncome": "743000", "researchAndDevelopment": "0", "effectOfAccountingCharges": "0", "incomeBeforeTax": "14029000", "minorityInterest": "13092000", "sellingGeneralAdministrative": "39070000", "otherNonOperatingIncome": "None", "operatingIncome": "14029000", "otherOperatingExpense": "10183000", "interestExpense": "13237000", "taxProvision": "None", "interestIncome": "None", "netInterestIncome": "None", "extraordinaryItems": "0", "nonRecurring": "13237000", "otherItems": "0", "incomeTaxExpense": "194000", "totalOtherIncomeExpense": "0", "discontinuedOperations": "0", "netIncomeFromContinuingOperations": "13835000", "netIncomeApplicableToCommonShares": "743000", "preferredStockAndOtherAdjustments": "None"}]}