{"symbol": "AAN", "annualReports": [{"fiscalDateEnding": "2019-12-31", "reportedCurrency": "USD", "totalRevenue": "3947656000", "totalOperatingExpense": "3560965000", "costOfRevenue": "137253000", "grossProfit": "3810403000", "ebit": "2187174000", "netIncome": "31472000", "researchAndDevelopment": "None", "effectOfAccountingCharges": "None", "incomeBeforeTax": "92788000", "minorityInterest": "None", "sellingGeneralAdministrative": "1270610000", "otherNonOperatingIncome": "None", "operatingIncome": "386691000", "otherOperatingExpense": "-11929000", "interestExpense": "16967000", "taxProvision": "61316000", "interestIncome": "1790000", "netInterestIncome": "-15177000", "extraordinaryItems": "None", "nonRecurring": "None", "otherItems": "None", "incomeTaxExpense": "61316000", "totalOtherIncomeExpense": "-278726000", "discontinuedOperations": "None", "netIncomeFromContinuingOperations": "31472000", "netIncomeApplicableToCommonShares": "31472000", "preferredStockAndOtherAdjustments": "None"}, {"fiscalDateEnding": "2018-12-31", "reportedCurrency": "USD", "totalRevenue": "3828923000", "totalOperatingExpense": "1618423000", "costOfRevenue": "193999000", "grossProfit": "3634924000", "ebit": "288742000", "netIncome": "196210000", "researchAndDevelopment": "0", "effectOfAccountingCharges": "None", "incomeBeforeTax": "252204000", "minorityInterest": "None", "sellingGeneralAdministrative": "1000645000", "otherNonOperatingIncome": "-866000", "operatingIncome": "289608000", "otherOperatingExpense": "1725788000", "interestExpense": "16440000", "taxProvision": "55994000", "interestIncome": "454000", "netInterestIncome": "-15986000", "extraordinaryItems": "529000", "nonRecurring": "21203000", "otherItems": "None", "incomeTaxExpense": "55994000", "totalOtherIncomeExpense": "-440684000", "discontinuedOperations": "None", "netIncomeFromContinuingOperations": "196210000", "netIncomeApplicableToCommonShares": "196210000", "preferredStockAndOtherAdjustments": "None"}, {"fiscalDateEnding": "2017-12-31", "reportedCurrency": "USD", "totalRevenue": "3383708000", "totalOperatingExpense": "1403985000", "costOfRevenue": "258934000", "grossProfit": "3383708000", "ebit": "260115000", "netIncome": "292536000", "researchAndDevelopment": "0", "effectOfAccountingCharges": "None", "incomeBeforeTax": "239577000", "minorityInterest": "None", "sellingGeneralAdministrative": "916341000", "otherNonOperatingIncome": "5416000", "operatingIncome": "254699000", "otherOperatingExpense": "1707030000", "interestExpense": "20538000", "taxProvision": "-52959000", "interestIncome": "1835000", "netInterestIncome": "-18703000", "extraordinaryItems": "137000000", "nonRecurring": "17994000", "otherItems": "None", "incomeTaxExpense": "-52959000", "totalOtherIncomeExpense": "-329912000", "discontinuedOperations": "None", "netIncomeFromContinuingOperations": "292536000", "netIncomeApplicableToCommonShares": "292536000", "preferredStockAndOtherAdjustments": "None"}, {"fiscalDateEnding": "2016-12-31", "reportedCurrency": "USD", "totalRevenue": "3207716000", "totalOperatingExpense": "1351785000", "costOfRevenue": "295188000", "grossProfit": "3207716000", "ebit": "241812000", "netIncome": "139283000", "researchAndDevelopment": "0", "effectOfAccountingCharges": "None", "incomeBeforeTax": "218422000", "minorityInterest": "None", "sellingGeneralAdministrative": "930587000", "otherNonOperatingIncome": "-864000", "operatingIncome": "242676000", "otherOperatingExpense": "1593037000", "interestExpense": "23390000", "taxProvision": "79139000", "interestIncome": "2699000", "netInterestIncome": "-20691000", "extraordinaryItems": "None", "nonRecurring": "20218000", "otherItems": "None", "incomeTaxExpense": "79139000", "totalOtherIncomeExpense": "-279772000", "discontinuedOperations": "None", "netIncomeFromContinuingOperations": "139283000", "netIncomeApplicableToCommonShares": "139283000", "preferredStockAndOtherAdjustments": "None"}, {"fiscalDateEnding": "2015-12-31", "reportedCurrency": "USD", "totalRevenue": "3179756000", "totalOperatingExpense": "1357030000", "costOfRevenue": "372817000", "grossProfit": "3179756000", "ebit": "236459000", "netIncome": "135709000", "researchAndDevelopment": "0", "effectOfAccountingCharges": "None", "incomeBeforeTax": "213120000", "minorityInterest": "None", "sellingGeneralAdministrative": "1216950000", "otherNonOperatingIncome": "518000", "operatingIncome": "235941000", "otherOperatingExpense": "1586785000", "interestExpense": "23339000", "taxProvision": "77411000", "interestIncome": "-21154000", "netInterestIncome": "None", "extraordinaryItems": "None", "nonRecurring": "20218000", "otherItems": "None", "incomeTaxExpense": "77411000", "totalOtherIncomeExpense": "-164225000", "discontinuedOperations": "None", "netIncomeFromContinuingOperations": "135709000", "netIncomeApplicableToCommonShares": "135709000", "preferredStockAndOtherAdjustments": "None"}], "quarterlyReports": [{"fiscalDateEnding": "2020-06-30", "reportedCurrency": "USD", "totalRevenue": "1030119000", "totalOperatingExpense": "210596000", "costOfRevenue": "38381000", "grossProfit": "991738000", "ebit": "95390000", "netIncome": "68377000", "researchAndDevelopment": "None", "effectOfAccountingCharges": "None", "incomeBeforeTax": "92537000", "minorityInterest": "None", "sellingGeneralAdministrative": "-343850000", "otherNonOperatingIncome": "1948000", "operatingIncome": "93442000", "otherOperatingExpense": "547455000", "interestExpense": "2853000", "taxProvision": "24160000", "interestIncome": "227000", "netInterestIncome": "-2626000", "extraordinaryItems": "None", "nonRecurring": "6991000", "otherItems": "None", "incomeTaxExpense": "24160000", "totalOtherIncomeExpense": "-55677000", "discontinuedOperations": "None", "netIncomeFromContinuingOperations": "68377000", "netIncomeApplicableToCommonShares": "68377000", "preferredStockAndOtherAdjustments": "None"}, {"fiscalDateEnding": "2020-03-31", "reportedCurrency": "USD", "totalRevenue": "1101274000", "totalOperatingExpense": "653786000", "costOfRevenue": "30443000", "grossProfit": "1070831000", "ebit": "-410654000", "netIncome": "-280005000", "researchAndDevelopment": "None", "effectOfAccountingCharges": "None", "incomeBeforeTax": "-414453000", "minorityInterest": "None", "sellingGeneralAdministrative": "-412970000", "otherNonOperatingIncome": "-1759000", "operatingIncome": "-408895000", "otherOperatingExpense": "597577000", "interestExpense": "3799000", "taxProvision": "-134448000", "interestIncome": "192000", "netInterestIncome": "-3607000", "extraordinaryItems": "34200000", "nonRecurring": "469179000", "otherItems": "None", "incomeTaxExpense": "-134448000", "totalOtherIncomeExpense": "-553841000", "discontinuedOperations": "None", "netIncomeFromContinuingOperations": "-280005000", "netIncomeApplicableToCommonShares": "-280005000", "preferredStockAndOtherAdjustments": "None"}, {"fiscalDateEnding": "2019-12-31", "reportedCurrency": "USD", "totalRevenue": "1003604000", "totalOperatingExpense": "1027134000", "costOfRevenue": "34171000", "grossProfit": "969433000", "ebit": "450829000", "netIncome": "-107057000", "researchAndDevelopment": "None", "effectOfAccountingCharges": "None", "incomeBeforeTax": "-86004000", "minorityInterest": "None", "sellingGeneralAdministrative": "468565000", "otherNonOperatingIncome": "None", "operatingIncome": "-23530000", "otherOperatingExpense": "170000", "interestExpense": "3720000", "taxProvision": "21053000", "interestIncome": "385000", "netInterestIncome": "-3335000", "extraordinaryItems": "None", "nonRecurring": "None", "otherItems": "None", "incomeTaxExpense": "21053000", "totalOtherIncomeExpense": "-59139000", "discontinuedOperations": "None", "netIncomeFromContinuingOperations": "-107057000", "netIncomeApplicableToCommonShares": "-107057000", "preferredStockAndOtherAdjustments": "None"}, {"fiscalDateEnding": "2019-09-30", "reportedCurrency": "USD", "totalRevenue": "963808000", "totalOperatingExpense": "383264000", "costOfRevenue": "30655000", "grossProfit": "933153000", "ebit": "55656000", "netIncome": "39801000", "researchAndDevelopment": "None", "effectOfAccountingCharges": "None", "incomeBeforeTax": "51665000", "minorityInterest": "None", "sellingGeneralAdministrative": "259807000", "otherNonOperatingIncome": "153000", "operatingIncome": "55503000", "otherOperatingExpense": "488870000", "interestExpense": "3991000", "taxProvision": "11864000", "interestIncome": "360000", "netInterestIncome": "-3631000", "extraordinaryItems": "None", "nonRecurring": "5516000", "otherItems": "None", "incomeTaxExpense": "11864000", "totalOtherIncomeExpense": "-74428000", "discontinuedOperations": "None", "netIncomeFromContinuingOperations": "39801000", "netIncomeApplicableToCommonShares": "39801000", "preferredStockAndOtherAdjustments": "None"}, {"fiscalDateEnding": "2019-06-30", "reportedCurrency": "USD", "totalRevenue": "968141000", "totalOperatingExpense": "383576000", "costOfRevenue": "34599000", "grossProfit": "933542000", "ebit": "61119000", "netIncome": "42650000", "researchAndDevelopment": "None", "effectOfAccountingCharges": "None", "incomeBeforeTax": "56819000", "minorityInterest": "None", "sellingGeneralAdministrative": "269589000", "otherNonOperatingIncome": "1273000", "operatingIncome": "59846000", "otherOperatingExpense": "471382000", "interestExpense": "4300000", "taxProvision": "14169000", "interestIncome": "944000", "netInterestIncome": "-3356000", "extraordinaryItems": "None", "nonRecurring": "18738000", "otherItems": "None", "incomeTaxExpense": "14169000", "totalOtherIncomeExpense": "-75963000", "discontinuedOperations": "None", "netIncomeFromContinuingOperations": "42650000", "netIncomeApplicableToCommonShares": "42650000", "preferredStockAndOtherAdjustments": "None"}, {"fiscalDateEnding": "2019-03-31", "reportedCurrency": "USD", "totalRevenue": "1012103000", "totalOperatingExpense": "387216000", "costOfRevenue": "37828000", "grossProfit": "974275000", "ebit": "75264000", "netIncome": "56078000", "researchAndDevelopment": "None", "effectOfAccountingCharges": "None", "incomeBeforeTax": "70308000", "minorityInterest": "None", "sellingGeneralAdministrative": "272649000", "otherNonOperatingIncome": "1409000", "operatingIncome": "73855000", "otherOperatingExpense": "499923000", "interestExpense": "4956000", "taxProvision": "14230000", "interestIncome": "101000", "netInterestIncome": "-4855000", "extraordinaryItems": "None", "nonRecurring": "13281000", "otherItems": "None", "incomeTaxExpense": "14230000", "totalOtherIncomeExpense": "-69196000", "discontinuedOperations": "None", "netIncomeFromContinuingOperations": "56078000", "netIncomeApplicableToCommonShares": "56078000", "preferredStockAndOtherAdjustments": "None"}, {"fiscalDateEnding": "2018-12-31", "reportedCurrency": "USD", "totalRevenue": "2874114000", "totalOperatingExpense": "419252000", "costOfRevenue": "102684000", "grossProfit": "2771430000", "ebit": "86629000", "netIncome": "61743000", "researchAndDevelopment": "0", "effectOfAccountingCharges": "0", "incomeBeforeTax": "82057000", "minorityInterest": "0", "sellingGeneralAdministrative": "372226000", "otherNonOperatingIncome": "-1698000", "operatingIncome": "88327000", "otherOperatingExpense": "2263307000", "interestExpense": "4572000", "taxProvision": "None", "interestIncome": "None", "netInterestIncome": "None", "extraordinaryItems": "-1771000", "nonRecurring": "544000", "otherItems": "0", "incomeTaxExpense": "20314000", "totalOtherIncomeExpense": "-52010000", "discontinuedOperations": "0", "netIncomeFromContinuingOperations": "61743000", "netIncomeApplicableToCommonShares": "61743000", "preferredStockAndOtherAdjustments": "None"}, {"fiscalDateEnding": "2018-09-30", "reportedCurrency": "USD", "totalRevenue": "953071000", "totalOperatingExpense": "420602000", "costOfRevenue": "40091000", "grossProfit": "-40091000", "ebit": "57150000", "netIncome": "43720000", "researchAndDevelopment": "0", "effectOfAccountingCharges": "0", "incomeBeforeTax": "53415000", "minorityInterest": "0", "sellingGeneralAdministrative": "365431000", "otherNonOperatingIncome": "-136000", "operatingIncome": "57286000", "otherOperatingExpense": "-518516000", "interestExpense": "3735000", "taxProvision": "None", "interestIncome": "None", "netInterestIncome": "None", "extraordinaryItems": "0", "nonRecurring": "537000", "otherItems": "0", "incomeTaxExpense": "9695000", "totalOtherIncomeExpense": "-59541000", "discontinuedOperations": "0", "netIncomeFromContinuingOperations": "43720000", "netIncomeApplicableToCommonShares": "43720000", "preferredStockAndOtherAdjustments": "None"}, {"fiscalDateEnding": "2018-06-30", "reportedCurrency": "USD", "totalRevenue": "927859000", "totalOperatingExpense": "388337000", "costOfRevenue": "51224000", "grossProfit": "-51224000", "ebit": "73885000", "netIncome": "38501000", "researchAndDevelopment": "0", "effectOfAccountingCharges": "0", "incomeBeforeTax": "49980000", "minorityInterest": "0", "sellingGeneralAdministrative": "341387000", "otherNonOperatingIncome": "-46000", "operatingIncome": "73931000", "otherOperatingExpense": "-512610000", "interestExpense": "3807000", "taxProvision": "None", "interestIncome": "None", "netInterestIncome": "None", "extraordinaryItems": "0", "nonRecurring": "19216000", "otherItems": "0", "incomeTaxExpense": "11479000", "totalOtherIncomeExpense": "-69854000", "discontinuedOperations": "0", "netIncomeFromContinuingOperations": "38501000", "netIncomeApplicableToCommonShares": "38501000", "preferredStockAndOtherAdjustments": "None"}, {"fiscalDateEnding": "2018-03-31", "reportedCurrency": "USD", "totalRevenue": "954809000", "totalOperatingExpense": "390232000", "costOfRevenue": "53682000", "grossProfit": "954809000", "ebit": "71078000", "netIncome": "52246000", "researchAndDevelopment": "0", "effectOfAccountingCharges": "0", "incomeBeforeTax": "66752000", "minorityInterest": "0", "sellingGeneralAdministrative": "368117000", "otherNonOperatingIncome": "1014000", "operatingIncome": "70064000", "otherOperatingExpense": "493607000", "interestExpense": "4326000", "taxProvision": "None", "interestIncome": "None", "netInterestIncome": "None", "extraordinaryItems": "0", "nonRecurring": "906000", "otherItems": "0", "incomeTaxExpense": "14506000", "totalOtherIncomeExpense": "-48605000", "discontinuedOperations": "0", "netIncomeFromContinuingOperations": "52246000", "netIncomeApplicableToCommonShares": "52246000", "preferredStockAndOtherAdjustments": "None"}, {"fiscalDateEnding": "2017-12-31", "reportedCurrency": "USD", "totalRevenue": "884627000", "totalOperatingExpense": "370455000", "costOfRevenue": "70570000", "grossProfit": "884627000", "ebit": "65202000", "netIncome": "177560000", "researchAndDevelopment": "0", "effectOfAccountingCharges": "0", "incomeBeforeTax": "60738000", "minorityInterest": "0", "sellingGeneralAdministrative": "347754000", "otherNonOperatingIncome": "687000", "operatingIncome": "64515000", "otherOperatingExpense": "446280000", "interestExpense": "4464000", "taxProvision": "None", "interestIncome": "None", "netInterestIncome": "None", "extraordinaryItems": "0", "nonRecurring": "3377000", "otherItems": "0", "incomeTaxExpense": "-116822000", "totalOtherIncomeExpense": "-184841000", "discontinuedOperations": "0", "netIncomeFromContinuingOperations": "177560000", "netIncomeApplicableToCommonShares": "177560000", "preferredStockAndOtherAdjustments": "None"}, {"fiscalDateEnding": "2017-09-30", "reportedCurrency": "USD", "totalRevenue": "838883000", "totalOperatingExpense": "374157000", "costOfRevenue": "55130000", "grossProfit": "838883000", "ebit": "43928000", "netIncome": "25341000", "researchAndDevelopment": "0", "effectOfAccountingCharges": "0", "incomeBeforeTax": "39221000", "minorityInterest": "0", "sellingGeneralAdministrative": "351212000", "otherNonOperatingIncome": "1239000", "operatingIncome": "42689000", "otherOperatingExpense": "421192000", "interestExpense": "4707000", "taxProvision": "None", "interestIncome": "None", "netInterestIncome": "None", "extraordinaryItems": "0", "nonRecurring": "845000", "otherItems": "0", "incomeTaxExpense": "13880000", "totalOtherIncomeExpense": "0", "discontinuedOperations": "0", "netIncomeFromContinuingOperations": "25341000", "netIncomeApplicableToCommonShares": "25341000", "preferredStockAndOtherAdjustments": "None"}, {"fiscalDateEnding": "2017-06-30", "reportedCurrency": "USD", "totalRevenue": "815644000", "totalOperatingExpense": "330548000", "costOfRevenue": "65758000", "grossProfit": "815644000", "ebit": "62547000", "netIncome": "36335000", "researchAndDevelopment": "0", "effectOfAccountingCharges": "0", "incomeBeforeTax": "56995000", "minorityInterest": "0", "sellingGeneralAdministrative": "310886000", "otherNonOperatingIncome": "1541000", "operatingIncome": "61006000", "otherOperatingExpense": "410645000", "interestExpense": "5552000", "taxProvision": "None", "interestIncome": "None", "netInterestIncome": "None", "extraordinaryItems": "0", "nonRecurring": "13445000", "otherItems": "0", "incomeTaxExpense": "20660000", "totalOtherIncomeExpense": "0", "discontinuedOperations": "0", "netIncomeFromContinuingOperations": "36335000", "netIncomeApplicableToCommonShares": "36335000", "preferredStockAndOtherAdjustments": "None"}, {"fiscalDateEnding": "2017-03-31", "reportedCurrency": "USD", "totalRevenue": "844554000", "totalOperatingExpense": "328825000", "costOfRevenue": "67476000", "grossProfit": "844554000", "ebit": "88438000", "netIncome": "53300000", "researchAndDevelopment": "0", "effectOfAccountingCharges": "0", "incomeBeforeTax": "82623000", "minorityInterest": "0", "sellingGeneralAdministrative": "308185000", "otherNonOperatingIncome": "1949000", "operatingIncome": "86489000", "otherOperatingExpense": "428913000", "interestExpense": "5815000", "taxProvision": "None", "interestIncome": "None", "netInterestIncome": "None", "extraordinaryItems": "0", "nonRecurring": "327000", "otherItems": "0", "incomeTaxExpense": "29323000", "totalOtherIncomeExpense": "0", "discontinuedOperations": "0", "netIncomeFromContinuingOperations": "53300000", "netIncomeApplicableToCommonShares": "53300000", "preferredStockAndOtherAdjustments": "None"}, {"fiscalDateEnding": "2016-12-31", "reportedCurrency": "USD", "totalRevenue": "794954000", "totalOperatingExpense": "340783000", "costOfRevenue": "84453000", "grossProfit": "794954000", "ebit": "37717000", "netIncome": "21631000", "researchAndDevelopment": "0", "effectOfAccountingCharges": "0", "incomeBeforeTax": "32288000", "minorityInterest": "0", "sellingGeneralAdministrative": "319997000", "otherNonOperatingIncome": "-18000", "operatingIncome": "37735000", "otherOperatingExpense": "400876000", "interestExpense": "5429000", "taxProvision": "None", "interestIncome": "None", "netInterestIncome": "None", "extraordinaryItems": "0", "nonRecurring": "15560000", "otherItems": "0", "incomeTaxExpense": "10657000", "totalOtherIncomeExpense": "-172130000", "discontinuedOperations": "0", "netIncomeFromContinuingOperations": "21631000", "netIncomeApplicableToCommonShares": "21631000", "preferredStockAndOtherAdjustments": "None"}, {"fiscalDateEnding": "2016-09-30", "reportedCurrency": "USD", "totalRevenue": "768982000", "totalOperatingExpense": "331977000", "costOfRevenue": "64409000", "grossProfit": "768982000", "ebit": "51027000", "netIncome": "29464000", "researchAndDevelopment": "0", "effectOfAccountingCharges": "0", "incomeBeforeTax": "45282000", "minorityInterest": "0", "sellingGeneralAdministrative": "311341000", "otherNonOperatingIncome": "218000", "operatingIncome": "50809000", "otherOperatingExpense": "381538000", "interestExpense": "5745000", "taxProvision": "None", "interestIncome": "None", "netInterestIncome": "None", "extraordinaryItems": "0", "nonRecurring": "4658000", "otherItems": "0", "incomeTaxExpense": "15818000", "totalOtherIncomeExpense": "0", "discontinuedOperations": "0", "netIncomeFromContinuingOperations": "29464000", "netIncomeApplicableToCommonShares": "29464000", "preferredStockAndOtherAdjustments": "None"}, {"fiscalDateEnding": "2016-06-30", "reportedCurrency": "USD", "totalRevenue": "789353000", "totalOperatingExpense": "330601000", "costOfRevenue": "67876000", "grossProfit": "789353000", "ebit": "67028000", "netIncome": "38501000", "researchAndDevelopment": "0", "effectOfAccountingCharges": "0", "incomeBeforeTax": "61124000", "minorityInterest": "0", "sellingGeneralAdministrative": "310388000", "otherNonOperatingIncome": "-1124000", "operatingIncome": "68152000", "otherOperatingExpense": "390600000", "interestExpense": "5904000", "taxProvision": "None", "interestIncome": "None", "netInterestIncome": "None", "extraordinaryItems": "0", "nonRecurring": "4658000", "otherItems": "0", "incomeTaxExpense": "22623000", "totalOtherIncomeExpense": "0", "discontinuedOperations": "0", "netIncomeFromContinuingOperations": "38501000", "netIncomeApplicableToCommonShares": "38501000", "preferredStockAndOtherAdjustments": "None"}, {"fiscalDateEnding": "2016-03-31", "reportedCurrency": "USD", "totalRevenue": "854427000", "totalOperatingExpense": "348424000", "costOfRevenue": "78450000", "grossProfit": "854427000", "ebit": "86040000", "netIncome": "49687000", "researchAndDevelopment": "0", "effectOfAccountingCharges": "0", "incomeBeforeTax": "79728000", "minorityInterest": "0", "sellingGeneralAdministrative": "323998000", "otherNonOperatingIncome": "60000", "operatingIncome": "82934000", "otherOperatingExpense": "420023000", "interestExpense": "6312000", "taxProvision": "None", "interestIncome": "None", "netInterestIncome": "None", "extraordinaryItems": "0", "nonRecurring": "0", "otherItems": "0", "incomeTaxExpense": "30041000", "totalOtherIncomeExpense": "0", "discontinuedOperations": "0", "netIncomeFromContinuingOperations": "49687000", "netIncomeApplicableToCommonShares": "49687000", "preferredStockAndOtherAdjustments": "None"}, {"fiscalDateEnding": "2015-12-31", "reportedCurrency": "USD", "totalRevenue": "821199000", "totalOperatingExpense": "1013881000", "costOfRevenue": "118845000", "grossProfit": "821199000", "ebit": "40604000", "netIncome": "21726000", "researchAndDevelopment": "0", "effectOfAccountingCharges": "0", "incomeBeforeTax": "34380000", "minorityInterest": "0", "sellingGeneralAdministrative": "334666000", "otherNonOperatingIncome": "27000", "operatingIncome": "40577000", "otherOperatingExpense": "1242482000", "interestExpense": "6224000", "taxProvision": "None", "interestIncome": "None", "netInterestIncome": "None", "extraordinaryItems": "0", "nonRecurring": "20218000", "otherItems": "0", "incomeTaxExpense": "12654000", "totalOtherIncomeExpense": "-164225000", "discontinuedOperations": "0", "netIncomeFromContinuingOperations": "21726000", "netIncomeApplicableToCommonShares": "21726000", "preferredStockAndOtherAdjustments": "None"}, {"fiscalDateEnding": "2015-09-30", "reportedCurrency": "USD", "totalRevenue": "767694000", "totalOperatingExpense": "345514000", "costOfRevenue": "78104000", "grossProfit": "767694000", "ebit": "42080000", "netIncome": "24194000", "researchAndDevelopment": "0", "effectOfAccountingCharges": "0", "incomeBeforeTax": "36556000", "minorityInterest": "0", "sellingGeneralAdministrative": "321590000", "otherNonOperatingIncome": "-929000", "operatingIncome": "43009000", "otherOperatingExpense": "379171000", "interestExpense": "5524000", "taxProvision": "None", "interestIncome": "None", "netInterestIncome": "None", "extraordinaryItems": "0", "nonRecurring": "0", "otherItems": "0", "incomeTaxExpense": "12362000", "totalOtherIncomeExpense": "0", "discontinuedOperations": "0", "netIncomeFromContinuingOperations": "24194000", "netIncomeApplicableToCommonShares": "24194000", "preferredStockAndOtherAdjustments": "None"}, {"fiscalDateEnding": "2015-06-30", "reportedCurrency": "USD", "totalRevenue": "769049000", "totalOperatingExpense": "325555000", "costOfRevenue": "81312000", "grossProfit": "769049000", "ebit": "69976000", "netIncome": "40546000", "researchAndDevelopment": "0", "effectOfAccountingCharges": "0", "incomeBeforeTax": "64354000", "minorityInterest": "0", "sellingGeneralAdministrative": "277000", "otherNonOperatingIncome": "2433000", "operatingIncome": "67820000", "otherOperatingExpense": "375674000", "interestExpense": "5622000", "taxProvision": "None", "interestIncome": "None", "netInterestIncome": "None", "extraordinaryItems": "0", "nonRecurring": "0", "otherItems": "0", "incomeTaxExpense": "23808000", "totalOtherIncomeExpense": "0", "discontinuedOperations": "0", "netIncomeFromContinuingOperations": "40546000", "netIncomeApplicableToCommonShares": "40546000", "preferredStockAndOtherAdjustments": "None"}]}