{"symbol": "AAON", "annualReports": [{"fiscalDateEnding": "2019-12-31", "reportedCurrency": "USD", "totalRevenue": "-337000", "totalOperatingExpense": "-417256000", "costOfRevenue": "349908000", "grossProfit": "119425000", "ebit": "66965000", "netIncome": "53711000", "researchAndDevelopment": "None", "effectOfAccountingCharges": "None", "incomeBeforeTax": "67031000", "minorityInterest": "None", "sellingGeneralAdministrative": "52077000", "otherNonOperatingIncome": "-46000", "operatingIncome": "67011000", "otherOperatingExpense": "-469333000", "interestExpense": "-66000", "taxProvision": "13320000", "interestIncome": "66000", "netInterestIncome": "66000", "extraordinaryItems": "None", "nonRecurring": "None", "otherItems": "None", "incomeTaxExpense": "13320000", "totalOtherIncomeExpense": "-1611000", "discontinuedOperations": "None", "netIncomeFromContinuingOperations": "53711000", "netIncomeApplicableToCommonShares": "53711000", "preferredStockAndOtherAdjustments": "None"}, {"fiscalDateEnding": "2018-12-31", "reportedCurrency": "USD", "totalRevenue": "433947000", "totalOperatingExpense": "377062000", "costOfRevenue": "330414000", "grossProfit": "103533000", "ebit": "74540000", "netIncome": "42572000", "researchAndDevelopment": "13500000", "effectOfAccountingCharges": "None", "incomeBeforeTax": "55939000", "minorityInterest": "None", "sellingGeneralAdministrative": "45698000", "otherNonOperatingIncome": "-47000", "operatingIncome": "56885000", "otherOperatingExpense": "-433947000", "interestExpense": "-196000", "taxProvision": "13367000", "interestIncome": "196000", "netInterestIncome": "196000", "extraordinaryItems": "None", "nonRecurring": "None", "otherItems": "None", "incomeTaxExpense": "13171000", "totalOtherIncomeExpense": "-1142000", "discontinuedOperations": "None", "netIncomeFromContinuingOperations": "42572000", "netIncomeApplicableToCommonShares": "42329000", "preferredStockAndOtherAdjustments": "None"}, {"fiscalDateEnding": "2017-12-31", "reportedCurrency": "USD", "totalRevenue": "405232000", "totalOperatingExpense": "330181000", "costOfRevenue": "281835000", "grossProfit": "123397000", "ebit": "90058000", "netIncome": "54498000", "researchAndDevelopment": "13000000", "effectOfAccountingCharges": "None", "incomeBeforeTax": "74492000", "minorityInterest": "None", "sellingGeneralAdministrative": "47626000", "otherNonOperatingIncome": "91000", "operatingIncome": "75051000", "otherOperatingExpense": "None", "interestExpense": "-298000", "taxProvision": "19994000", "interestIncome": "298000", "netInterestIncome": "298000", "extraordinaryItems": "3700000", "nonRecurring": "None", "otherItems": "None", "incomeTaxExpense": "20794000", "totalOtherIncomeExpense": "-857000", "discontinuedOperations": "None", "netIncomeFromContinuingOperations": "54498000", "netIncomeApplicableToCommonShares": "53830000", "preferredStockAndOtherAdjustments": "None"}, {"fiscalDateEnding": "2016-12-31", "reportedCurrency": "USD", "totalRevenue": "383977000", "totalOperatingExpense": "304078000", "costOfRevenue": "265897000", "grossProfit": "118080000", "ebit": "92934000", "netIncome": "53376000", "researchAndDevelopment": "12000000", "effectOfAccountingCharges": "None", "incomeBeforeTax": "79991000", "minorityInterest": "None", "sellingGeneralAdministrative": "37385000", "otherNonOperatingIncome": "105000", "operatingIncome": "79899000", "otherOperatingExpense": "None", "interestExpense": "-292000", "taxProvision": "26615000", "interestIncome": "292000", "netInterestIncome": "292000", "extraordinaryItems": "None", "nonRecurring": "None", "otherItems": "None", "incomeTaxExpense": "26615000", "totalOtherIncomeExpense": "-200000", "discontinuedOperations": "None", "netIncomeFromContinuingOperations": "53376000", "netIncomeApplicableToCommonShares": "53376000", "preferredStockAndOtherAdjustments": "None"}, {"fiscalDateEnding": "2015-12-31", "reportedCurrency": "USD", "totalRevenue": "358691000", "totalOperatingExpense": "37438000", "costOfRevenue": "249951000", "grossProfit": "108681000", "ebit": "71178000", "netIncome": "45728000", "researchAndDevelopment": "7500000", "effectOfAccountingCharges": "None", "incomeBeforeTax": "71339000", "minorityInterest": "None", "sellingGeneralAdministrative": "37438000", "otherNonOperatingIncome": "-124000", "operatingIncome": "71302000", "otherOperatingExpense": "None", "interestExpense": "-161000", "taxProvision": "25611000", "interestIncome": "161000", "netInterestIncome": "None", "extraordinaryItems": "None", "nonRecurring": "None", "otherItems": "None", "incomeTaxExpense": "25611000", "totalOtherIncomeExpense": "-356000", "discontinuedOperations": "None", "netIncomeFromContinuingOperations": "45728000", "netIncomeApplicableToCommonShares": "45728000", "preferredStockAndOtherAdjustments": "None"}], "quarterlyReports": [{"fiscalDateEnding": "2020-06-30", "reportedCurrency": "USD", "totalRevenue": "125596000", "totalOperatingExpense": "-109657000", "costOfRevenue": "87465000", "grossProfit": "38131000", "ebit": "22243000", "netIncome": "17804000", "researchAndDevelopment": "None", "effectOfAccountingCharges": "None", "incomeBeforeTax": "22243000", "minorityInterest": "None", "sellingGeneralAdministrative": "15939000", "otherNonOperatingIncome": "51000", "operatingIncome": "22192000", "otherOperatingExpense": "-125596000", "interestExpense": "None", "taxProvision": "4439000", "interestIncome": "19000", "netInterestIncome": "19000", "extraordinaryItems": "None", "nonRecurring": "None", "otherItems": "None", "incomeTaxExpense": "4439000", "totalOtherIncomeExpense": "-1356000", "discontinuedOperations": "None", "netIncomeFromContinuingOperations": "17804000", "netIncomeApplicableToCommonShares": "17804000", "preferredStockAndOtherAdjustments": "None"}, {"fiscalDateEnding": "2020-03-31", "reportedCurrency": "USD", "totalRevenue": "62000", "totalOperatingExpense": "-122269000", "costOfRevenue": "94536000", "grossProfit": "42947000", "ebit": "27829000", "netIncome": "21853000", "researchAndDevelopment": "None", "effectOfAccountingCharges": "None", "incomeBeforeTax": "27829000", "minorityInterest": "None", "sellingGeneralAdministrative": "15214000", "otherNonOperatingIncome": "34000", "operatingIncome": "27795000", "otherOperatingExpense": "-137483000", "interestExpense": "None", "taxProvision": "5976000", "interestIncome": "61000", "netInterestIncome": "61000", "extraordinaryItems": "None", "nonRecurring": "None", "otherItems": "None", "incomeTaxExpense": "5976000", "totalOtherIncomeExpense": "-439000", "discontinuedOperations": "None", "netIncomeFromContinuingOperations": "21853000", "netIncomeApplicableToCommonShares": "21853000", "preferredStockAndOtherAdjustments": "None"}, {"fiscalDateEnding": "2019-12-31", "reportedCurrency": "USD", "totalRevenue": "-41000", "totalOperatingExpense": "-107973000", "costOfRevenue": "86502000", "grossProfit": "36072000", "ebit": "21351000", "netIncome": "16021000", "researchAndDevelopment": "None", "effectOfAccountingCharges": "None", "incomeBeforeTax": "21417000", "minorityInterest": "None", "sellingGeneralAdministrative": "14601000", "otherNonOperatingIncome": "-79000", "operatingIncome": "21430000", "otherOperatingExpense": "-122574000", "interestExpense": "-66000", "taxProvision": "5396000", "interestIncome": "17000", "netInterestIncome": "17000", "extraordinaryItems": "None", "nonRecurring": "None", "otherItems": "None", "incomeTaxExpense": "5396000", "totalOtherIncomeExpense": "-189000", "discontinuedOperations": "None", "netIncomeFromContinuingOperations": "16021000", "netIncomeApplicableToCommonShares": "16021000", "preferredStockAndOtherAdjustments": "None"}, {"fiscalDateEnding": "2019-09-30", "reportedCurrency": "USD", "totalRevenue": "113500000", "totalOperatingExpense": "98991000", "costOfRevenue": "86115000", "grossProfit": "27385000", "ebit": "20376000", "netIncome": "13827000", "researchAndDevelopment": "None", "effectOfAccountingCharges": "None", "incomeBeforeTax": "14387000", "minorityInterest": "None", "sellingGeneralAdministrative": "12476000", "otherNonOperatingIncome": "2000", "operatingIncome": "14509000", "otherOperatingExpense": "-113500000", "interestExpense": "None", "taxProvision": "560000", "interestIncome": "9000", "netInterestIncome": "9000", "extraordinaryItems": "None", "nonRecurring": "None", "otherItems": "None", "incomeTaxExpense": "560000", "totalOtherIncomeExpense": "-131000", "discontinuedOperations": "None", "netIncomeFromContinuingOperations": "13827000", "netIncomeApplicableToCommonShares": "13827000", "preferredStockAndOtherAdjustments": "None"}, {"fiscalDateEnding": "2019-06-30", "reportedCurrency": "USD", "totalRevenue": "119437000", "totalOperatingExpense": "101981000", "costOfRevenue": "89262000", "grossProfit": "30175000", "ebit": "23302000", "netIncome": "12961000", "researchAndDevelopment": "None", "effectOfAccountingCharges": "None", "incomeBeforeTax": "16736000", "minorityInterest": "None", "sellingGeneralAdministrative": "12338000", "otherNonOperatingIncome": "48000", "operatingIncome": "17456000", "otherOperatingExpense": "-119437000", "interestExpense": "None", "taxProvision": "3775000", "interestIncome": "31000", "netInterestIncome": "31000", "extraordinaryItems": "None", "nonRecurring": "None", "otherItems": "None", "incomeTaxExpense": "3775000", "totalOtherIncomeExpense": "-751000", "discontinuedOperations": "None", "netIncomeFromContinuingOperations": "12961000", "netIncomeApplicableToCommonShares": "12961000", "preferredStockAndOtherAdjustments": "None"}, {"fiscalDateEnding": "2019-03-31", "reportedCurrency": "USD", "totalRevenue": "-284000", "totalOperatingExpense": "-102821000", "costOfRevenue": "88029000", "grossProfit": "25793000", "ebit": "14491000", "netIncome": "10902000", "researchAndDevelopment": "None", "effectOfAccountingCharges": "None", "incomeBeforeTax": "14491000", "minorityInterest": "None", "sellingGeneralAdministrative": "11001000", "otherNonOperatingIncome": "-17000", "operatingIncome": "14508000", "otherOperatingExpense": "-113822000", "interestExpense": "None", "taxProvision": "2695000", "interestIncome": "9000", "netInterestIncome": "9000", "extraordinaryItems": "None", "nonRecurring": "None", "otherItems": "None", "incomeTaxExpense": "3589000", "totalOtherIncomeExpense": "-540000", "discontinuedOperations": "None", "netIncomeFromContinuingOperations": "10902000", "netIncomeApplicableToCommonShares": "10902000", "preferredStockAndOtherAdjustments": "None"}, {"fiscalDateEnding": "2018-12-31", "reportedCurrency": "USD", "totalRevenue": "-99079000", "totalOperatingExpense": "-200162000", "costOfRevenue": "84545000", "grossProfit": "27795000", "ebit": "16309000", "netIncome": "12536000", "researchAndDevelopment": "13500000", "effectOfAccountingCharges": "0", "incomeBeforeTax": "16505000", "minorityInterest": "0", "sellingGeneralAdministrative": "11260000", "otherNonOperatingIncome": "-229000", "operatingIncome": "16538000", "otherOperatingExpense": "-211422000", "interestExpense": "-196000", "taxProvision": "None", "interestIncome": "None", "netInterestIncome": "None", "extraordinaryItems": "0", "nonRecurring": "0", "otherItems": "0", "incomeTaxExpense": "3969000", "totalOtherIncomeExpense": "-158000", "discontinuedOperations": "0", "netIncomeFromContinuingOperations": "12536000", "netIncomeApplicableToCommonShares": "12536000", "preferredStockAndOtherAdjustments": "None"}, {"fiscalDateEnding": "2018-09-30", "reportedCurrency": "USD", "totalRevenue": "-2000", "totalOperatingExpense": "-99747000", "costOfRevenue": "80174000", "grossProfit": "32763000", "ebit": "19612000", "netIncome": "14085000", "researchAndDevelopment": "0", "effectOfAccountingCharges": "0", "incomeBeforeTax": "19612000", "minorityInterest": "0", "sellingGeneralAdministrative": "13190000", "otherNonOperatingIncome": "41000", "operatingIncome": "19571000", "otherOperatingExpense": "-112937000", "interestExpense": "0", "taxProvision": "None", "interestIncome": "None", "netInterestIncome": "None", "extraordinaryItems": "0", "nonRecurring": "0", "otherItems": "0", "incomeTaxExpense": "5527000", "totalOtherIncomeExpense": "-63000", "discontinuedOperations": "0", "netIncomeFromContinuingOperations": "14085000", "netIncomeApplicableToCommonShares": "14085000", "preferredStockAndOtherAdjustments": "None"}, {"fiscalDateEnding": "2018-06-30", "reportedCurrency": "USD", "totalRevenue": "4000", "totalOperatingExpense": "-96502000", "costOfRevenue": "82003000", "grossProfit": "27585000", "ebit": "14582000", "netIncome": "11691000", "researchAndDevelopment": "0", "effectOfAccountingCharges": "0", "incomeBeforeTax": "14582000", "minorityInterest": "0", "sellingGeneralAdministrative": "13086000", "otherNonOperatingIncome": "79000", "operatingIncome": "14503000", "otherOperatingExpense": "-109588000", "interestExpense": "0", "taxProvision": "None", "interestIncome": "None", "netInterestIncome": "None", "extraordinaryItems": "0", "nonRecurring": "0", "otherItems": "0", "incomeTaxExpense": "2891000", "totalOtherIncomeExpense": "-122000", "discontinuedOperations": "0", "netIncomeFromContinuingOperations": "11691000", "netIncomeApplicableToCommonShares": "11691000", "preferredStockAndOtherAdjustments": "None"}, {"fiscalDateEnding": "2018-03-31", "reportedCurrency": "USD", "totalRevenue": "99089000", "totalOperatingExpense": "10219000", "costOfRevenue": "83692000", "grossProfit": "15390000", "ebit": "5240000", "netIncome": "4260000", "researchAndDevelopment": "0", "effectOfAccountingCharges": "0", "incomeBeforeTax": "5240000", "minorityInterest": "0", "sellingGeneralAdministrative": "10219000", "otherNonOperatingIncome": "62000", "operatingIncome": "5178000", "otherOperatingExpense": "0", "interestExpense": "0", "taxProvision": "None", "interestIncome": "None", "netInterestIncome": "None", "extraordinaryItems": "0", "nonRecurring": "0", "otherItems": "0", "incomeTaxExpense": "980000", "totalOtherIncomeExpense": "-429000", "discontinuedOperations": "0", "netIncomeFromContinuingOperations": "4260000", "netIncomeApplicableToCommonShares": "4260000", "preferredStockAndOtherAdjustments": "None"}, {"fiscalDateEnding": "2017-12-31", "reportedCurrency": "USD", "totalRevenue": "104161000", "totalOperatingExpense": "13714000", "costOfRevenue": "73085000", "grossProfit": "31075000", "ebit": "17152000", "netIncome": "15770000", "researchAndDevelopment": "13000000", "effectOfAccountingCharges": "0", "incomeBeforeTax": "17450000", "minorityInterest": "0", "sellingGeneralAdministrative": "13714000", "otherNonOperatingIncome": "-210000", "operatingIncome": "17362000", "otherOperatingExpense": "0", "interestExpense": "-298000", "taxProvision": "None", "interestIncome": "None", "netInterestIncome": "None", "extraordinaryItems": "0", "nonRecurring": "0", "otherItems": "0", "incomeTaxExpense": "1680000", "totalOtherIncomeExpense": "-380000", "discontinuedOperations": "0", "netIncomeFromContinuingOperations": "15770000", "netIncomeApplicableToCommonShares": "15770000", "preferredStockAndOtherAdjustments": "None"}, {"fiscalDateEnding": "2017-09-30", "reportedCurrency": "USD", "totalRevenue": "113669000", "totalOperatingExpense": "13034000", "costOfRevenue": "78010000", "grossProfit": "35658000", "ebit": "22750000", "netIncome": "14717000", "researchAndDevelopment": "0", "effectOfAccountingCharges": "0", "incomeBeforeTax": "22750000", "minorityInterest": "0", "sellingGeneralAdministrative": "13034000", "otherNonOperatingIncome": "125000", "operatingIncome": "22625000", "otherOperatingExpense": "0", "interestExpense": "0", "taxProvision": "None", "interestIncome": "None", "netInterestIncome": "None", "extraordinaryItems": "0", "nonRecurring": "0", "otherItems": "0", "incomeTaxExpense": "8033000", "totalOtherIncomeExpense": "0", "discontinuedOperations": "0", "netIncomeFromContinuingOperations": "14717000", "netIncomeApplicableToCommonShares": "14717000", "preferredStockAndOtherAdjustments": "None"}, {"fiscalDateEnding": "2017-06-30", "reportedCurrency": "USD", "totalRevenue": "101278000", "totalOperatingExpense": "11971000", "costOfRevenue": "69648000", "grossProfit": "31678000", "ebit": "19764000", "netIncome": "13794000", "researchAndDevelopment": "0", "effectOfAccountingCharges": "0", "incomeBeforeTax": "19764000", "minorityInterest": "0", "sellingGeneralAdministrative": "11971000", "otherNonOperatingIncome": "105000", "operatingIncome": "19659000", "otherOperatingExpense": "0", "interestExpense": "0", "taxProvision": "None", "interestIncome": "None", "netInterestIncome": "None", "extraordinaryItems": "0", "nonRecurring": "0", "otherItems": "0", "incomeTaxExpense": "5970000", "totalOtherIncomeExpense": "0", "discontinuedOperations": "0", "netIncomeFromContinuingOperations": "13794000", "netIncomeApplicableToCommonShares": "13794000", "preferredStockAndOtherAdjustments": "None"}, {"fiscalDateEnding": "2017-03-31", "reportedCurrency": "USD", "totalRevenue": "86079000", "totalOperatingExpense": "10530000", "costOfRevenue": "61092000", "grossProfit": "24986000", "ebit": "14528000", "netIncome": "10217000", "researchAndDevelopment": "0", "effectOfAccountingCharges": "0", "incomeBeforeTax": "14528000", "minorityInterest": "0", "sellingGeneralAdministrative": "10530000", "otherNonOperatingIncome": "71000", "operatingIncome": "14457000", "otherOperatingExpense": "0", "interestExpense": "0", "taxProvision": "None", "interestIncome": "None", "netInterestIncome": "None", "extraordinaryItems": "0", "nonRecurring": "0", "otherItems": "0", "incomeTaxExpense": "4311000", "totalOtherIncomeExpense": "0", "discontinuedOperations": "0", "netIncomeFromContinuingOperations": "10217000", "netIncomeApplicableToCommonShares": "10217000", "preferredStockAndOtherAdjustments": "None"}, {"fiscalDateEnding": "2016-12-31", "reportedCurrency": "USD", "totalRevenue": "91668000", "totalOperatingExpense": "8632000", "costOfRevenue": "65158000", "grossProfit": "26510000", "ebit": "17645000", "netIncome": "12547000", "researchAndDevelopment": "12000000", "effectOfAccountingCharges": "0", "incomeBeforeTax": "17937000", "minorityInterest": "0", "sellingGeneralAdministrative": "8632000", "otherNonOperatingIncome": "-233000", "operatingIncome": "17878000", "otherOperatingExpense": "0", "interestExpense": "-292000", "taxProvision": "None", "interestIncome": "None", "netInterestIncome": "None", "extraordinaryItems": "0", "nonRecurring": "0", "otherItems": "0", "incomeTaxExpense": "5390000", "totalOtherIncomeExpense": "47000", "discontinuedOperations": "0", "netIncomeFromContinuingOperations": "12547000", "netIncomeApplicableToCommonShares": "12547000", "preferredStockAndOtherAdjustments": "None"}, {"fiscalDateEnding": "2016-09-30", "reportedCurrency": "USD", "totalRevenue": "104568000", "totalOperatingExpense": "10400000", "costOfRevenue": "71476000", "grossProfit": "33092000", "ebit": "22762000", "netIncome": "15682000", "researchAndDevelopment": "0", "effectOfAccountingCharges": "0", "incomeBeforeTax": "22762000", "minorityInterest": "0", "sellingGeneralAdministrative": "10400000", "otherNonOperatingIncome": "70000", "operatingIncome": "22692000", "otherOperatingExpense": "0", "interestExpense": "0", "taxProvision": "None", "interestIncome": "None", "netInterestIncome": "None", "extraordinaryItems": "0", "nonRecurring": "0", "otherItems": "0", "incomeTaxExpense": "7080000", "totalOtherIncomeExpense": "0", "discontinuedOperations": "0", "netIncomeFromContinuingOperations": "15682000", "netIncomeApplicableToCommonShares": "15682000", "preferredStockAndOtherAdjustments": "None"}, {"fiscalDateEnding": "2016-06-30", "reportedCurrency": "USD", "totalRevenue": "102331000", "totalOperatingExpense": "10561000", "costOfRevenue": "69572000", "grossProfit": "32747000", "ebit": "22275000", "netIncome": "14341000", "researchAndDevelopment": "0", "effectOfAccountingCharges": "0", "incomeBeforeTax": "22275000", "minorityInterest": "0", "sellingGeneralAdministrative": "10561000", "otherNonOperatingIncome": "77000", "operatingIncome": "22198000", "otherOperatingExpense": "0", "interestExpense": "0", "taxProvision": "None", "interestIncome": "None", "netInterestIncome": "None", "extraordinaryItems": "0", "nonRecurring": "0", "otherItems": "0", "incomeTaxExpense": "7934000", "totalOtherIncomeExpense": "0", "discontinuedOperations": "0", "netIncomeFromContinuingOperations": "14341000", "netIncomeApplicableToCommonShares": "14341000", "preferredStockAndOtherAdjustments": "None"}, {"fiscalDateEnding": "2016-03-31", "reportedCurrency": "USD", "totalRevenue": "85430000", "totalOperatingExpense": "8913000", "costOfRevenue": "59691000", "grossProfit": "25731000", "ebit": "17017000", "netIncome": "10806000", "researchAndDevelopment": "0", "effectOfAccountingCharges": "0", "incomeBeforeTax": "17017000", "minorityInterest": "0", "sellingGeneralAdministrative": "8913000", "otherNonOperatingIncome": "191000", "operatingIncome": "16826000", "otherOperatingExpense": "0", "interestExpense": "0", "taxProvision": "None", "interestIncome": "None", "netInterestIncome": "None", "extraordinaryItems": "0", "nonRecurring": "0", "otherItems": "0", "incomeTaxExpense": "6211000", "totalOtherIncomeExpense": "0", "discontinuedOperations": "0", "netIncomeFromContinuingOperations": "10806000", "netIncomeApplicableToCommonShares": "10806000", "preferredStockAndOtherAdjustments": "None"}, {"fiscalDateEnding": "2015-12-31", "reportedCurrency": "USD", "totalRevenue": "97229000", "totalOperatingExpense": "9859000", "costOfRevenue": "67648000", "grossProfit": "29581000", "ebit": "19617000", "netIncome": "12948000", "researchAndDevelopment": "7500000", "effectOfAccountingCharges": "0", "incomeBeforeTax": "19778000", "minorityInterest": "0", "sellingGeneralAdministrative": "9859000", "otherNonOperatingIncome": "-105000", "operatingIncome": "19722000", "otherOperatingExpense": "0", "interestExpense": "-161000", "taxProvision": "None", "interestIncome": "None", "netInterestIncome": "None", "extraordinaryItems": "0", "nonRecurring": "0", "otherItems": "0", "incomeTaxExpense": "6830000", "totalOtherIncomeExpense": "-356000", "discontinuedOperations": "0", "netIncomeFromContinuingOperations": "12948000", "netIncomeApplicableToCommonShares": "12948000", "preferredStockAndOtherAdjustments": "None"}, {"fiscalDateEnding": "2015-09-30", "reportedCurrency": "USD", "totalRevenue": "94394000", "totalOperatingExpense": "10062000", "costOfRevenue": "64175000", "grossProfit": "30185000", "ebit": "20113000", "netIncome": "13251000", "researchAndDevelopment": "0", "effectOfAccountingCharges": "0", "incomeBeforeTax": "20113000", "minorityInterest": "0", "sellingGeneralAdministrative": "10062000", "otherNonOperatingIncome": "-44000", "operatingIncome": "20157000", "otherOperatingExpense": "0", "interestExpense": "0", "taxProvision": "None", "interestIncome": "None", "netInterestIncome": "None", "extraordinaryItems": "0", "nonRecurring": "0", "otherItems": "0", "incomeTaxExpense": "6862000", "totalOtherIncomeExpense": "0", "discontinuedOperations": "0", "netIncomeFromContinuingOperations": "13251000", "netIncomeApplicableToCommonShares": "13251000", "preferredStockAndOtherAdjustments": "None"}, {"fiscalDateEnding": "2015-06-30", "reportedCurrency": "USD", "totalRevenue": "90305000", "totalOperatingExpense": "9200000", "costOfRevenue": "63158000", "grossProfit": "27117000", "ebit": "18003000", "netIncome": "11130000", "researchAndDevelopment": "0", "effectOfAccountingCharges": "0", "incomeBeforeTax": "18003000", "minorityInterest": "0", "sellingGeneralAdministrative": "9200000", "otherNonOperatingIncome": "56000", "operatingIncome": "17947000", "otherOperatingExpense": "0", "interestExpense": "0", "taxProvision": "None", "interestIncome": "None", "netInterestIncome": "None", "extraordinaryItems": "0", "nonRecurring": "0", "otherItems": "0", "incomeTaxExpense": "6873000", "totalOtherIncomeExpense": "0", "discontinuedOperations": "0", "netIncomeFromContinuingOperations": "11130000", "netIncomeApplicableToCommonShares": "11130000", "preferredStockAndOtherAdjustments": "None"}]}