{"symbol": "AAP", "annualReports": [{"fiscalDateEnding": "2019-12-31", "reportedCurrency": "USD", "totalRevenue": "9709003000", "totalOperatingExpense": "3577566000", "costOfRevenue": "5454257000", "grossProfit": "4254746000", "ebit": "677644000", "netIncome": "486896000", "researchAndDevelopment": "None", "effectOfAccountingCharges": "None", "incomeBeforeTax": "637746000", "minorityInterest": "None", "sellingGeneralAdministrative": "3577566000", "otherNonOperatingIncome": "464000", "operatingIncome": "677180000", "otherOperatingExpense": "None", "interestExpense": "39898000", "taxProvision": "150850000", "interestIncome": "None", "netInterestIncome": "-39898000", "extraordinaryItems": "None", "nonRecurring": "None", "otherItems": "None", "incomeTaxExpense": "-150850000", "totalOtherIncomeExpense": "464000", "discontinuedOperations": "None", "netIncomeFromContinuingOperations": "788596000", "netIncomeApplicableToCommonShares": "486896000", "preferredStockAndOtherAdjustments": "None"}, {"fiscalDateEnding": "2018-12-31", "reportedCurrency": "USD", "totalRevenue": "9580554000", "totalOperatingExpense": "8976279000", "costOfRevenue": "5361141000", "grossProfit": "4219413000", "ebit": "850036000", "netIncome": "423847000", "researchAndDevelopment": "0", "effectOfAccountingCharges": "None", "incomeBeforeTax": "555264000", "minorityInterest": "None", "sellingGeneralAdministrative": "3615138000", "otherNonOperatingIncome": "7577000", "operatingIncome": "604275000", "otherOperatingExpense": "None", "interestExpense": "56588000", "taxProvision": "131417000", "interestIncome": "None", "netInterestIncome": "-56588000", "extraordinaryItems": "5655000", "nonRecurring": "None", "otherItems": "None", "incomeTaxExpense": "131417000", "totalOtherIncomeExpense": "7577000", "discontinuedOperations": "None", "netIncomeFromContinuingOperations": "423847000", "netIncomeApplicableToCommonShares": "423847000", "preferredStockAndOtherAdjustments": "None"}, {"fiscalDateEnding": "2017-12-31", "reportedCurrency": "USD", "totalRevenue": "9373784000", "totalOperatingExpense": "8803572000", "costOfRevenue": "5288735000", "grossProfit": "4085049000", "ebit": "828320000", "netIncome": "475505000", "researchAndDevelopment": "0", "effectOfAccountingCharges": "None", "incomeBeforeTax": "520259000", "minorityInterest": "None", "sellingGeneralAdministrative": "3514837000", "otherNonOperatingIncome": "8848000", "operatingIncome": "570212000", "otherOperatingExpense": "None", "interestExpense": "58801000", "taxProvision": "44754000", "interestIncome": "None", "netInterestIncome": "-58801000", "extraordinaryItems": "143800000", "nonRecurring": "None", "otherItems": "None", "incomeTaxExpense": "44754000", "totalOtherIncomeExpense": "8848000", "discontinuedOperations": "None", "netIncomeFromContinuingOperations": "475505000", "netIncomeApplicableToCommonShares": "475505000", "preferredStockAndOtherAdjustments": "None"}, {"fiscalDateEnding": "2016-12-31", "reportedCurrency": "USD", "totalRevenue": "9567679000", "totalOperatingExpense": "8780081000", "costOfRevenue": "5311764000", "grossProfit": "4255915000", "ebit": "1057132000", "netIncome": "459622000", "researchAndDevelopment": "0", "effectOfAccountingCharges": "None", "incomeBeforeTax": "738835000", "minorityInterest": "None", "sellingGeneralAdministrative": "3468317000", "otherNonOperatingIncome": "11147000", "operatingIncome": "787598000", "otherOperatingExpense": "None", "interestExpense": "59910000", "taxProvision": "279213000", "interestIncome": "-59910000", "netInterestIncome": "-59910000", "extraordinaryItems": "None", "nonRecurring": "None", "otherItems": "None", "incomeTaxExpense": "279213000", "totalOtherIncomeExpense": "11147000", "discontinuedOperations": "None", "netIncomeFromContinuingOperations": "459622000", "netIncomeApplicableToCommonShares": "459622000", "preferredStockAndOtherAdjustments": "None"}, {"fiscalDateEnding": "2015-12-31", "reportedCurrency": "USD", "totalRevenue": "9737018000", "totalOperatingExpense": "3596992000", "costOfRevenue": "5314246000", "grossProfit": "4422772000", "ebit": "818296000", "netIncome": "473398000", "researchAndDevelopment": "0", "effectOfAccountingCharges": "None", "incomeBeforeTax": "752888000", "minorityInterest": "None", "sellingGeneralAdministrative": "3596992000", "otherNonOperatingIncome": "-7484000", "operatingIncome": "825780000", "otherOperatingExpense": "None", "interestExpense": "65408000", "taxProvision": "279490000", "interestIncome": "-65408000", "netInterestIncome": "None", "extraordinaryItems": "None", "nonRecurring": "None", "otherItems": "None", "incomeTaxExpense": "-279490000", "totalOtherIncomeExpense": "-83892000", "discontinuedOperations": "None", "netIncomeFromContinuingOperations": "1032378000", "netIncomeApplicableToCommonShares": "473398000", "preferredStockAndOtherAdjustments": "None"}], "quarterlyReports": [{"fiscalDateEnding": "2020-06-30", "reportedCurrency": "USD", "totalRevenue": "2501380000", "totalOperatingExpense": "2238535000", "costOfRevenue": "1404666000", "grossProfit": "1096714000", "ebit": "322604000", "netIncome": "189960000", "researchAndDevelopment": "None", "effectOfAccountingCharges": "None", "incomeBeforeTax": "252540000", "minorityInterest": "None", "sellingGeneralAdministrative": "833869000", "otherNonOperatingIncome": "None", "operatingIncome": "262845000", "otherOperatingExpense": "None", "interestExpense": "13422000", "taxProvision": "62580000", "interestIncome": "None", "netInterestIncome": "-13422000", "extraordinaryItems": "None", "nonRecurring": "None", "otherItems": "None", "incomeTaxExpense": "62580000", "totalOtherIncomeExpense": "3117000", "discontinuedOperations": "None", "netIncomeFromContinuingOperations": "189960000", "netIncomeApplicableToCommonShares": "189960000", "preferredStockAndOtherAdjustments": "None"}, {"fiscalDateEnding": "2020-03-31", "reportedCurrency": "USD", "totalRevenue": "2697882000", "totalOperatingExpense": "2619457000", "costOfRevenue": "1525149000", "grossProfit": "1172733000", "ebit": "151015000", "netIncome": "43588000", "researchAndDevelopment": "None", "effectOfAccountingCharges": "None", "incomeBeforeTax": "60193000", "minorityInterest": "None", "sellingGeneralAdministrative": "1094308000", "otherNonOperatingIncome": "None", "operatingIncome": "78425000", "otherOperatingExpense": "None", "interestExpense": "12243000", "taxProvision": "16605000", "interestIncome": "None", "netInterestIncome": "-12243000", "extraordinaryItems": "None", "nonRecurring": "None", "otherItems": "None", "incomeTaxExpense": "16605000", "totalOtherIncomeExpense": "-5989000", "discontinuedOperations": "None", "netIncomeFromContinuingOperations": "43588000", "netIncomeApplicableToCommonShares": "43588000", "preferredStockAndOtherAdjustments": "None"}, {"fiscalDateEnding": "2019-12-31", "reportedCurrency": "USD", "totalRevenue": "2112614000", "totalOperatingExpense": "1986475000", "costOfRevenue": "1183845000", "grossProfit": "928769000", "ebit": "186681000", "netIncome": "95907000", "researchAndDevelopment": "None", "effectOfAccountingCharges": "None", "incomeBeforeTax": "120039000", "minorityInterest": "None", "sellingGeneralAdministrative": "802630000", "otherNonOperatingIncome": "None", "operatingIncome": "126139000", "otherOperatingExpense": "None", "interestExpense": "7836000", "taxProvision": "24132000", "interestIncome": "None", "netInterestIncome": "-7836000", "extraordinaryItems": "None", "nonRecurring": "None", "otherItems": "None", "incomeTaxExpense": "24132000", "totalOtherIncomeExpense": "1736000", "discontinuedOperations": "None", "netIncomeFromContinuingOperations": "95907000", "netIncomeApplicableToCommonShares": "95907000", "preferredStockAndOtherAdjustments": "None"}, {"fiscalDateEnding": "2019-09-30", "reportedCurrency": "USD", "totalRevenue": "2312106000", "totalOperatingExpense": "2139778000", "costOfRevenue": "1300180000", "grossProfit": "1011926000", "ebit": "225491000", "netIncome": "123669000", "researchAndDevelopment": "None", "effectOfAccountingCharges": "None", "incomeBeforeTax": "160740000", "minorityInterest": "None", "sellingGeneralAdministrative": "839598000", "otherNonOperatingIncome": "-3145000", "operatingIncome": "172328000", "otherOperatingExpense": "None", "interestExpense": "8443000", "taxProvision": "37071000", "interestIncome": "None", "netInterestIncome": "-8443000", "extraordinaryItems": "None", "nonRecurring": "None", "otherItems": "None", "incomeTaxExpense": "37071000", "totalOtherIncomeExpense": "-3145000", "discontinuedOperations": "None", "netIncomeFromContinuingOperations": "123669000", "netIncomeApplicableToCommonShares": "123669000", "preferredStockAndOtherAdjustments": "None"}, {"fiscalDateEnding": "2019-06-30", "reportedCurrency": "USD", "totalRevenue": "2332246000", "totalOperatingExpense": "2161474000", "costOfRevenue": "1322808000", "grossProfit": "1009438000", "ebit": "228257000", "netIncome": "124820000", "researchAndDevelopment": "None", "effectOfAccountingCharges": "None", "incomeBeforeTax": "166210000", "minorityInterest": "None", "sellingGeneralAdministrative": "838666000", "otherNonOperatingIncome": "4113000", "operatingIncome": "170772000", "otherOperatingExpense": "None", "interestExpense": "8675000", "taxProvision": "41390000", "interestIncome": "None", "netInterestIncome": "-8675000", "extraordinaryItems": "None", "nonRecurring": "None", "otherItems": "None", "incomeTaxExpense": "41390000", "totalOtherIncomeExpense": "4113000", "discontinuedOperations": "None", "netIncomeFromContinuingOperations": "124820000", "netIncomeApplicableToCommonShares": "124820000", "preferredStockAndOtherAdjustments": "None"}, {"fiscalDateEnding": "2019-03-31", "reportedCurrency": "USD", "totalRevenue": "2952036000", "totalOperatingExpense": "2744096000", "costOfRevenue": "1647424000", "grossProfit": "1304612000", "ebit": "275587000", "netIncome": "142500000", "researchAndDevelopment": "None", "effectOfAccountingCharges": "None", "incomeBeforeTax": "190758000", "minorityInterest": "None", "sellingGeneralAdministrative": "1096672000", "otherNonOperatingIncome": "None", "operatingIncome": "207940000", "otherOperatingExpense": "None", "interestExpense": "14944000", "taxProvision": "48258000", "interestIncome": "None", "netInterestIncome": "-14944000", "extraordinaryItems": "None", "nonRecurring": "None", "otherItems": "None", "incomeTaxExpense": "48258000", "totalOtherIncomeExpense": "-2238000", "discontinuedOperations": "None", "netIncomeFromContinuingOperations": "142500000", "netIncomeApplicableToCommonShares": "142500000", "preferredStockAndOtherAdjustments": "None"}, {"fiscalDateEnding": "2018-12-31", "reportedCurrency": "USD", "totalRevenue": "2105072000", "totalOperatingExpense": "1986652000", "costOfRevenue": "1175488000", "grossProfit": "929584000", "ebit": "118420000", "netIncome": "53442000", "researchAndDevelopment": "0", "effectOfAccountingCharges": "0", "incomeBeforeTax": "69857000", "minorityInterest": "0", "sellingGeneralAdministrative": "802446000", "otherNonOperatingIncome": "None", "operatingIncome": "118420000", "otherOperatingExpense": "0", "interestExpense": "-12975000", "taxProvision": "-45930000", "interestIncome": "None", "netInterestIncome": "None", "extraordinaryItems": "-62345000", "nonRecurring": "0", "otherItems": "0", "incomeTaxExpense": "16415000", "totalOtherIncomeExpense": "-48563000", "discontinuedOperations": "0", "netIncomeFromContinuingOperations": "53442000", "netIncomeApplicableToCommonShares": "53442000", "preferredStockAndOtherAdjustments": "None"}, {"fiscalDateEnding": "2018-09-30", "reportedCurrency": "USD", "totalRevenue": "2274982000", "totalOperatingExpense": "852686000", "costOfRevenue": "1268055000", "grossProfit": "1006927000", "ebit": "159996000", "netIncome": "115843000", "researchAndDevelopment": "0", "effectOfAccountingCharges": "0", "incomeBeforeTax": "146920000", "minorityInterest": "0", "sellingGeneralAdministrative": "852686000", "otherNonOperatingIncome": "5755000", "operatingIncome": "154241000", "otherOperatingExpense": "0", "interestExpense": "13076000", "taxProvision": "None", "interestIncome": "None", "netInterestIncome": "None", "extraordinaryItems": "0", "nonRecurring": "0", "otherItems": "0", "incomeTaxExpense": "-31077000", "totalOtherIncomeExpense": "-38021000", "discontinuedOperations": "0", "netIncomeFromContinuingOperations": "177997000", "netIncomeApplicableToCommonShares": "115843000", "preferredStockAndOtherAdjustments": "None"}, {"fiscalDateEnding": "2018-06-30", "reportedCurrency": "USD", "totalRevenue": "2326652000", "totalOperatingExpense": "844018000", "costOfRevenue": "1315093000", "grossProfit": "1011559000", "ebit": "170326000", "netIncome": "117836000", "researchAndDevelopment": "0", "effectOfAccountingCharges": "0", "incomeBeforeTax": "157471000", "minorityInterest": "0", "sellingGeneralAdministrative": "844018000", "otherNonOperatingIncome": "2785000", "operatingIncome": "167541000", "otherOperatingExpense": "0", "interestExpense": "12855000", "taxProvision": "None", "interestIncome": "None", "netInterestIncome": "None", "extraordinaryItems": "0", "nonRecurring": "0", "otherItems": "0", "incomeTaxExpense": "-39635000", "totalOtherIncomeExpense": "-39070000", "discontinuedOperations": "0", "netIncomeFromContinuingOperations": "197106000", "netIncomeApplicableToCommonShares": "117836000", "preferredStockAndOtherAdjustments": "None"}, {"fiscalDateEnding": "2018-03-31", "reportedCurrency": "USD", "totalRevenue": "2873848000", "totalOperatingExpense": "2661507000", "costOfRevenue": "1601564000", "grossProfit": "1272284000", "ebit": "212341000", "netIncome": "136727000", "researchAndDevelopment": "0", "effectOfAccountingCharges": "0", "incomeBeforeTax": "181017000", "minorityInterest": "0", "sellingGeneralAdministrative": "1059943000", "otherNonOperatingIncome": "None", "operatingIncome": "212341000", "otherOperatingExpense": "0", "interestExpense": "-17682000", "taxProvision": "None", "interestIncome": "None", "netInterestIncome": "None", "extraordinaryItems": "0", "nonRecurring": "0", "otherItems": "0", "incomeTaxExpense": "44290000", "totalOtherIncomeExpense": "-31324000", "discontinuedOperations": "0", "netIncomeFromContinuingOperations": "136727000", "netIncomeApplicableToCommonShares": "136727000", "preferredStockAndOtherAdjustments": "None"}, {"fiscalDateEnding": "2017-12-31", "reportedCurrency": "USD", "totalRevenue": "2036986000", "totalOperatingExpense": "12926524000", "costOfRevenue": "1106910000", "grossProfit": "3137341000", "ebit": "502429000", "netIncome": "184500000", "researchAndDevelopment": "0", "effectOfAccountingCharges": "0", "incomeBeforeTax": "74137000", "minorityInterest": "0", "sellingGeneralAdministrative": "768656000", "otherNonOperatingIncome": "None", "operatingIncome": "104913000", "otherOperatingExpense": "0", "interestExpense": "13136000", "taxProvision": "None", "interestIncome": "None", "netInterestIncome": "None", "extraordinaryItems": "0", "nonRecurring": "0", "otherItems": "0", "incomeTaxExpense": "-3250000", "totalOtherIncomeExpense": "-127316000", "discontinuedOperations": "0", "netIncomeFromContinuingOperations": "316776000", "netIncomeApplicableToCommonShares": "184500000", "preferredStockAndOtherAdjustments": "None"}, {"fiscalDateEnding": "2017-09-30", "reportedCurrency": "USD", "totalRevenue": "2182233000", "totalOperatingExpense": "791139000", "costOfRevenue": "1234525000", "grossProfit": "947708000", "ebit": "157314000", "netIncome": "95996000", "researchAndDevelopment": "0", "effectOfAccountingCharges": "0", "incomeBeforeTax": "144000000", "minorityInterest": "0", "sellingGeneralAdministrative": "791139000", "otherNonOperatingIncome": "745000", "operatingIncome": "156569000", "otherOperatingExpense": "0", "interestExpense": "13314000", "taxProvision": "None", "interestIncome": "None", "netInterestIncome": "None", "extraordinaryItems": "0", "nonRecurring": "0", "otherItems": "0", "incomeTaxExpense": "-48004000", "totalOtherIncomeExpense": "-1817000", "discontinuedOperations": "0", "netIncomeFromContinuingOperations": "192004000", "netIncomeApplicableToCommonShares": "95996000", "preferredStockAndOtherAdjustments": "None"}, {"fiscalDateEnding": "2017-06-30", "reportedCurrency": "USD", "totalRevenue": "2263727000", "totalOperatingExpense": "846377000", "costOfRevenue": "1270639000", "grossProfit": "993088000", "ebit": "149880000", "netIncome": "87049000", "researchAndDevelopment": "0", "effectOfAccountingCharges": "0", "incomeBeforeTax": "135959000", "minorityInterest": "0", "sellingGeneralAdministrative": "846377000", "otherNonOperatingIncome": "3169000", "operatingIncome": "146711000", "otherOperatingExpense": "0", "interestExpense": "13921000", "taxProvision": "None", "interestIncome": "None", "netInterestIncome": "None", "extraordinaryItems": "0", "nonRecurring": "0", "otherItems": "0", "incomeTaxExpense": "-48910000", "totalOtherIncomeExpense": "2865000", "discontinuedOperations": "0", "netIncomeFromContinuingOperations": "184869000", "netIncomeApplicableToCommonShares": "87049000", "preferredStockAndOtherAdjustments": "None"}, {"fiscalDateEnding": "2017-03-31", "reportedCurrency": "USD", "totalRevenue": "2890838000", "totalOperatingExpense": "0", "costOfRevenue": "1542724000", "grossProfit": "1270684000", "ebit": "184593000", "netIncome": "107960000", "researchAndDevelopment": "0", "effectOfAccountingCharges": "0", "incomeBeforeTax": "166163000", "minorityInterest": "0", "sellingGeneralAdministrative": "1078039000", "otherNonOperatingIncome": "None", "operatingIncome": "192645000", "otherOperatingExpense": "0", "interestExpense": "18430000", "taxProvision": "None", "interestIncome": "None", "netInterestIncome": "None", "extraordinaryItems": "0", "nonRecurring": "0", "otherItems": "0", "incomeTaxExpense": "58203000", "totalOtherIncomeExpense": "-13617000", "discontinuedOperations": "0", "netIncomeFromContinuingOperations": "107960000", "netIncomeApplicableToCommonShares": "107960000", "preferredStockAndOtherAdjustments": "None"}, {"fiscalDateEnding": "2016-12-31", "reportedCurrency": "USD", "totalRevenue": "2082891000", "totalOperatingExpense": "8704453000", "costOfRevenue": "1116202000", "grossProfit": "3267710000", "ebit": "518225000", "netIncome": "62365000", "researchAndDevelopment": "0", "effectOfAccountingCharges": "0", "incomeBeforeTax": "96911000", "minorityInterest": "0", "sellingGeneralAdministrative": "791334000", "otherNonOperatingIncome": "None", "operatingIncome": "116230000", "otherOperatingExpense": "0", "interestExpense": "13365000", "taxProvision": "None", "interestIncome": "None", "netInterestIncome": "None", "extraordinaryItems": "0", "nonRecurring": "0", "otherItems": "0", "incomeTaxExpense": "34546000", "totalOtherIncomeExpense": "-115761000", "discontinuedOperations": "0", "netIncomeFromContinuingOperations": "243139000", "netIncomeApplicableToCommonShares": "62365000", "preferredStockAndOtherAdjustments": "None"}, {"fiscalDateEnding": "2016-09-30", "reportedCurrency": "USD", "totalRevenue": "2248855000", "totalOperatingExpense": "794437000", "costOfRevenue": "1260650000", "grossProfit": "988205000", "ebit": "191419000", "netIncome": "113844000", "researchAndDevelopment": "0", "effectOfAccountingCharges": "0", "incomeBeforeTax": "177838000", "minorityInterest": "0", "sellingGeneralAdministrative": "794437000", "otherNonOperatingIncome": "-2349000", "operatingIncome": "193768000", "otherOperatingExpense": "0", "interestExpense": "13581000", "taxProvision": "None", "interestIncome": "None", "netInterestIncome": "None", "extraordinaryItems": "0", "nonRecurring": "0", "otherItems": "0", "incomeTaxExpense": "-63994000", "totalOtherIncomeExpense": "7667000", "discontinuedOperations": "0", "netIncomeFromContinuingOperations": "241832000", "netIncomeApplicableToCommonShares": "113844000", "preferredStockAndOtherAdjustments": "None"}, {"fiscalDateEnding": "2016-06-30", "reportedCurrency": "USD", "totalRevenue": "2256155000", "totalOperatingExpense": "793573000", "costOfRevenue": "1245898000", "grossProfit": "1010257000", "ebit": "222928000", "netIncome": "124600000", "researchAndDevelopment": "0", "effectOfAccountingCharges": "0", "incomeBeforeTax": "208907000", "minorityInterest": "0", "sellingGeneralAdministrative": "793573000", "otherNonOperatingIncome": "6244000", "operatingIncome": "216684000", "otherOperatingExpense": "0", "interestExpense": "14021000", "taxProvision": "None", "interestIncome": "None", "netInterestIncome": "None", "extraordinaryItems": "0", "nonRecurring": "0", "otherItems": "0", "incomeTaxExpense": "-84307000", "totalOtherIncomeExpense": "-23597000", "discontinuedOperations": "0", "netIncomeFromContinuingOperations": "293214000", "netIncomeApplicableToCommonShares": "124600000", "preferredStockAndOtherAdjustments": "None"}, {"fiscalDateEnding": "2016-03-31", "reportedCurrency": "USD", "totalRevenue": "2979778000", "totalOperatingExpense": "0", "costOfRevenue": "1550569000", "grossProfit": "0", "ebit": "274122000", "netIncome": "158813000", "researchAndDevelopment": "0", "effectOfAccountingCharges": "0", "incomeBeforeTax": "255179000", "minorityInterest": "0", "sellingGeneralAdministrative": "1047537000", "otherNonOperatingIncome": "None", "operatingIncome": "302352000", "otherOperatingExpense": "0", "interestExpense": "18943000", "taxProvision": "None", "interestIncome": "None", "netInterestIncome": "None", "extraordinaryItems": "0", "nonRecurring": "0", "otherItems": "0", "incomeTaxExpense": "96366000", "totalOtherIncomeExpense": "0", "discontinuedOperations": "0", "netIncomeFromContinuingOperations": "158813000", "netIncomeApplicableToCommonShares": "158813000", "preferredStockAndOtherAdjustments": "None"}, {"fiscalDateEnding": "2015-12-31", "reportedCurrency": "USD", "totalRevenue": "2033545000", "totalOperatingExpense": "8900238000", "costOfRevenue": "1062393000", "grossProfit": "4422772000", "ebit": "836780000", "netIncome": "54819000", "researchAndDevelopment": "0", "effectOfAccountingCharges": "0", "incomeBeforeTax": "83825000", "minorityInterest": "0", "sellingGeneralAdministrative": "761280000", "otherNonOperatingIncome": "None", "operatingIncome": "147892000", "otherOperatingExpense": "0", "interestExpense": "13809000", "taxProvision": "None", "interestIncome": "None", "netInterestIncome": "None", "extraordinaryItems": "0", "nonRecurring": "0", "otherItems": "0", "incomeTaxExpense": "29006000", "totalOtherIncomeExpense": "-83892000", "discontinuedOperations": "0", "netIncomeFromContinuingOperations": "473398000", "netIncomeApplicableToCommonShares": "54819000", "preferredStockAndOtherAdjustments": "None"}, {"fiscalDateEnding": "2015-09-30", "reportedCurrency": "USD", "totalRevenue": "2295203000", "totalOperatingExpense": "826862000", "costOfRevenue": "1262816000", "grossProfit": "1032387000", "ebit": "206801000", "netIncome": "120469000", "researchAndDevelopment": "0", "effectOfAccountingCharges": "0", "incomeBeforeTax": "192417000", "minorityInterest": "0", "sellingGeneralAdministrative": "826862000", "otherNonOperatingIncome": "1276000", "operatingIncome": "205525000", "otherOperatingExpense": "0", "interestExpense": "14384000", "taxProvision": "None", "interestIncome": "None", "netInterestIncome": "None", "extraordinaryItems": "0", "nonRecurring": "0", "otherItems": "0", "incomeTaxExpense": "-71948000", "totalOtherIncomeExpense": "0", "discontinuedOperations": "0", "netIncomeFromContinuingOperations": "264365000", "netIncomeApplicableToCommonShares": "120469000", "preferredStockAndOtherAdjustments": "None"}, {"fiscalDateEnding": "2015-06-30", "reportedCurrency": "USD", "totalRevenue": "2370037000", "totalOperatingExpense": "830240000", "costOfRevenue": "1282748000", "grossProfit": "1087289000", "ebit": "253241000", "netIncome": "149998000", "researchAndDevelopment": "0", "effectOfAccountingCharges": "0", "incomeBeforeTax": "237803000", "minorityInterest": "0", "sellingGeneralAdministrative": "830240000", "otherNonOperatingIncome": "-3808000", "operatingIncome": "257049000", "otherOperatingExpense": "0", "interestExpense": "15438000", "taxProvision": "None", "interestIncome": "None", "netInterestIncome": "None", "extraordinaryItems": "0", "nonRecurring": "0", "otherItems": "0", "incomeTaxExpense": "-87805000", "totalOtherIncomeExpense": "0", "discontinuedOperations": "0", "netIncomeFromContinuingOperations": "325608000", "netIncomeApplicableToCommonShares": "149998000", "preferredStockAndOtherAdjustments": "None"}]}