{"symbol": "AAT", "annualReports": [{"fiscalDateEnding": "2019-12-31", "reportedCurrency": "USD", "totalRevenue": "366741000", "totalOperatingExpense": "253056000", "costOfRevenue": "131980000", "grossProfit": "366741000", "ebit": "114318000", "netIncome": "45718000", "researchAndDevelopment": "None", "effectOfAccountingCharges": "None", "incomeBeforeTax": "168326000", "minorityInterest": "14089000", "sellingGeneralAdministrative": "64884000", "otherNonOperatingIncome": "633000", "operatingIncome": "113685000", "otherOperatingExpense": "188172000", "interestExpense": "-54008000", "taxProvision": "819000", "interestIncome": "696000", "netInterestIncome": "-53312000", "extraordinaryItems": "None", "nonRecurring": "None", "otherItems": "None", "incomeTaxExpense": "12301000", "totalOtherIncomeExpense": "634000", "discontinuedOperations": "None", "netIncomeFromContinuingOperations": "156025000", "netIncomeApplicableToCommonShares": "45718000", "preferredStockAndOtherAdjustments": "None"}, {"fiscalDateEnding": "2018-12-31", "reportedCurrency": "USD", "totalRevenue": "330867000", "totalOperatingExpense": "251332000", "costOfRevenue": "121455000", "grossProfit": "330867000", "ebit": "79450000", "netIncome": "19686000", "researchAndDevelopment": "0", "effectOfAccountingCharges": "None", "incomeBeforeTax": "27202000", "minorityInterest": "7205000", "sellingGeneralAdministrative": "57757000", "otherNonOperatingIncome": "-85000", "operatingIncome": "79535000", "otherOperatingExpense": "193575000", "interestExpense": "52248000", "taxProvision": "327000", "interestIncome": "238000", "netInterestIncome": "-52010000", "extraordinaryItems": "None", "nonRecurring": "None", "otherItems": "None", "incomeTaxExpense": "6877000", "totalOtherIncomeExpense": "4000", "discontinuedOperations": "None", "netIncomeFromContinuingOperations": "20325000", "netIncomeApplicableToCommonShares": "19686000", "preferredStockAndOtherAdjustments": "None"}, {"fiscalDateEnding": "2017-12-31", "reportedCurrency": "USD", "totalRevenue": "314983000", "totalOperatingExpense": "221337000", "costOfRevenue": "116677000", "grossProfit": "314983000", "ebit": "93980000", "netIncome": "29077000", "researchAndDevelopment": "0", "effectOfAccountingCharges": "None", "incomeBeforeTax": "40132000", "minorityInterest": "10814000", "sellingGeneralAdministrative": "138059000", "otherNonOperatingIncome": "334000", "operatingIncome": "93646000", "otherOperatingExpense": "83278000", "interestExpense": "53848000", "taxProvision": "214000", "interestIncome": "548000", "netInterestIncome": "-53300000", "extraordinaryItems": "None", "nonRecurring": "None", "otherItems": "None", "incomeTaxExpense": "10433000", "totalOtherIncomeExpense": "334000", "discontinuedOperations": "None", "netIncomeFromContinuingOperations": "29699000", "netIncomeApplicableToCommonShares": "29077000", "preferredStockAndOtherAdjustments": "None"}, {"fiscalDateEnding": "2016-12-31", "reportedCurrency": "USD", "totalRevenue": "295088000", "totalOperatingExpense": "197147000", "costOfRevenue": "107931000", "grossProfit": "295088000", "ebit": "97573000", "netIncome": "32585000", "researchAndDevelopment": "0", "effectOfAccountingCharges": "None", "incomeBeforeTax": "45637000", "minorityInterest": "12863000", "sellingGeneralAdministrative": "125828000", "otherNonOperatingIncome": "-368000", "operatingIncome": "97941000", "otherOperatingExpense": "71319000", "interestExpense": "51936000", "taxProvision": "566000", "interestIncome": "72000", "netInterestIncome": "-51864000", "extraordinaryItems": "None", "nonRecurring": "None", "otherItems": "None", "incomeTaxExpense": "17624000", "totalOtherIncomeExpense": "126000", "discontinuedOperations": "None", "netIncomeFromContinuingOperations": "28013000", "netIncomeApplicableToCommonShares": "32585000", "preferredStockAndOtherAdjustments": "None"}, {"fiscalDateEnding": "2015-12-31", "reportedCurrency": "USD", "totalRevenue": "275623000", "totalOperatingExpense": "181472000", "costOfRevenue": "98006000", "grossProfit": "275623000", "ebit": "101175000", "netIncome": "38509000", "researchAndDevelopment": "0", "effectOfAccountingCharges": "None", "incomeBeforeTax": "53915000", "minorityInterest": "15238000", "sellingGeneralAdministrative": "118080000", "otherNonOperatingIncome": "7024000", "operatingIncome": "94151000", "otherOperatingExpense": "63392000", "interestExpense": "47260000", "taxProvision": "None", "interestIncome": "-47170000", "netInterestIncome": "None", "extraordinaryItems": "None", "nonRecurring": "None", "otherItems": "None", "incomeTaxExpense": "15119000", "totalOtherIncomeExpense": "-39941000", "discontinuedOperations": "None", "netIncomeFromContinuingOperations": "38796000", "netIncomeApplicableToCommonShares": "38509000", "preferredStockAndOtherAdjustments": "None"}], "quarterlyReports": [{"fiscalDateEnding": "2020-06-30", "reportedCurrency": "USD", "totalRevenue": "82109000", "totalOperatingExpense": "59114000", "costOfRevenue": "25942000", "grossProfit": "82109000", "ebit": "23157000", "netIncome": "7656000", "researchAndDevelopment": "None", "effectOfAccountingCharges": "None", "incomeBeforeTax": "9826000", "minorityInterest": "2101000", "sellingGeneralAdministrative": "32621000", "otherNonOperatingIncome": "162000", "operatingIncome": "22995000", "otherOperatingExpense": "26493000", "interestExpense": "13331000", "taxProvision": "-91000", "interestIncome": "71000", "netInterestIncome": "-13260000", "extraordinaryItems": "None", "nonRecurring": "None", "otherItems": "None", "incomeTaxExpense": "2033000", "totalOtherIncomeExpense": "162000", "discontinuedOperations": "None", "netIncomeFromContinuingOperations": "7793000", "netIncomeApplicableToCommonShares": "7656000", "preferredStockAndOtherAdjustments": "None"}, {"fiscalDateEnding": "2020-03-31", "reportedCurrency": "USD", "totalRevenue": "96743000", "totalOperatingExpense": "67895000", "costOfRevenue": "33613000", "grossProfit": "96743000", "ebit": "28956000", "netIncome": "12068000", "researchAndDevelopment": "None", "effectOfAccountingCharges": "None", "incomeBeforeTax": "15484000", "minorityInterest": "3312000", "sellingGeneralAdministrative": "17865000", "otherNonOperatingIncome": "108000", "operatingIncome": "28848000", "otherOperatingExpense": "50030000", "interestExpense": "13472000", "taxProvision": "206000", "interestIncome": "312000", "netInterestIncome": "-13160000", "extraordinaryItems": "None", "nonRecurring": "None", "otherItems": "None", "incomeTaxExpense": "1941000", "totalOtherIncomeExpense": "2000", "discontinuedOperations": "None", "netIncomeFromContinuingOperations": "13543000", "netIncomeApplicableToCommonShares": "12068000", "preferredStockAndOtherAdjustments": "None"}, {"fiscalDateEnding": "2019-12-31", "reportedCurrency": "USD", "totalRevenue": "98947000", "totalOperatingExpense": "68954000", "costOfRevenue": "36106000", "grossProfit": "98947000", "ebit": "30403000", "netIncome": "12845000", "researchAndDevelopment": "None", "effectOfAccountingCharges": "None", "incomeBeforeTax": "124623000", "minorityInterest": "3536000", "sellingGeneralAdministrative": "17126000", "otherNonOperatingIncome": "410000", "operatingIncome": "29993000", "otherOperatingExpense": "51828000", "interestExpense": "-94220000", "taxProvision": "110000", "interestIncome": "397000", "netInterestIncome": "-13399000", "extraordinaryItems": "None", "nonRecurring": "None", "otherItems": "None", "incomeTaxExpense": "3719000", "totalOtherIncomeExpense": "1000", "discontinuedOperations": "None", "netIncomeFromContinuingOperations": "120904000", "netIncomeApplicableToCommonShares": "12845000", "preferredStockAndOtherAdjustments": "None"}, {"fiscalDateEnding": "2019-09-30", "reportedCurrency": "USD", "totalRevenue": "98362000", "totalOperatingExpense": "67978000", "costOfRevenue": "34931000", "grossProfit": "98362000", "ebit": "30253000", "netIncome": "12862000", "researchAndDevelopment": "None", "effectOfAccountingCharges": "None", "incomeBeforeTax": "16519000", "minorityInterest": "3565000", "sellingGeneralAdministrative": "17421000", "otherNonOperatingIncome": "-131000", "operatingIncome": "30384000", "otherOperatingExpense": "50557000", "interestExpense": "13734000", "taxProvision": "268000", "interestIncome": "137000", "netInterestIncome": "-13597000", "extraordinaryItems": "None", "nonRecurring": "None", "otherItems": "None", "incomeTaxExpense": "3364000", "totalOtherIncomeExpense": "-131000", "discontinuedOperations": "None", "netIncomeFromContinuingOperations": "13155000", "netIncomeApplicableToCommonShares": "12862000", "preferredStockAndOtherAdjustments": "None"}, {"fiscalDateEnding": "2019-06-30", "reportedCurrency": "USD", "totalRevenue": "84113000", "totalOperatingExpense": "59626000", "costOfRevenue": "31101000", "grossProfit": "84113000", "ebit": "25070000", "netIncome": "8916000", "researchAndDevelopment": "None", "effectOfAccountingCharges": "None", "incomeBeforeTax": "11941000", "minorityInterest": "2933000", "sellingGeneralAdministrative": "15218000", "otherNonOperatingIncome": "583000", "operatingIncome": "24487000", "otherOperatingExpense": "44408000", "interestExpense": "13129000", "taxProvision": "206000", "interestIncome": "156000", "netInterestIncome": "-12973000", "extraordinaryItems": "None", "nonRecurring": "None", "otherItems": "None", "incomeTaxExpense": "1820000", "totalOtherIncomeExpense": "633000", "discontinuedOperations": "None", "netIncomeFromContinuingOperations": "10121000", "netIncomeApplicableToCommonShares": "8916000", "preferredStockAndOtherAdjustments": "None"}, {"fiscalDateEnding": "2019-03-31", "reportedCurrency": "USD", "totalRevenue": "85319000", "totalOperatingExpense": "56498000", "costOfRevenue": "29842000", "grossProfit": "85319000", "ebit": "28592000", "netIncome": "11095000", "researchAndDevelopment": "None", "effectOfAccountingCharges": "None", "incomeBeforeTax": "15243000", "minorityInterest": "4055000", "sellingGeneralAdministrative": "15119000", "otherNonOperatingIncome": "-229000", "operatingIncome": "28821000", "otherOperatingExpense": "41379000", "interestExpense": "13349000", "taxProvision": "236000", "interestIncome": "7000", "netInterestIncome": "-13342000", "extraordinaryItems": "None", "nonRecurring": "None", "otherItems": "None", "incomeTaxExpense": "3398000", "totalOtherIncomeExpense": "-229000", "discontinuedOperations": "None", "netIncomeFromContinuingOperations": "11845000", "netIncomeApplicableToCommonShares": "11095000", "preferredStockAndOtherAdjustments": "None"}, {"fiscalDateEnding": "2018-12-31", "reportedCurrency": "USD", "totalRevenue": "82605000", "totalOperatingExpense": "60514000", "costOfRevenue": "30861000", "grossProfit": "82605000", "ebit": "22070000", "netIncome": "6673000", "researchAndDevelopment": "0", "effectOfAccountingCharges": "0", "incomeBeforeTax": "9209000", "minorityInterest": "2440000", "sellingGeneralAdministrative": "-25645000", "otherNonOperatingIncome": "-21000", "operatingIncome": "22091000", "otherOperatingExpense": "86159000", "interestExpense": "12861000", "taxProvision": "None", "interestIncome": "None", "netInterestIncome": "None", "extraordinaryItems": "0", "nonRecurring": "0", "otherItems": "0", "incomeTaxExpense": "1232000", "totalOtherIncomeExpense": "-12832000", "discontinuedOperations": "0", "netIncomeFromContinuingOperations": "7977000", "netIncomeApplicableToCommonShares": "6673000", "preferredStockAndOtherAdjustments": "None"}, {"fiscalDateEnding": "2018-09-30", "reportedCurrency": "USD", "totalRevenue": "82507000", "totalOperatingExpense": "55232000", "costOfRevenue": "28594000", "grossProfit": "82507000", "ebit": "27150000", "netIncome": "10394000", "researchAndDevelopment": "0", "effectOfAccountingCharges": "0", "incomeBeforeTax": "14271000", "minorityInterest": "3806000", "sellingGeneralAdministrative": "13963000", "otherNonOperatingIncome": "-125000", "operatingIncome": "27275000", "otherOperatingExpense": "41269000", "interestExpense": "12879000", "taxProvision": "None", "interestIncome": "None", "netInterestIncome": "None", "extraordinaryItems": "0", "nonRecurring": "0", "otherItems": "0", "incomeTaxExpense": "3872000", "totalOtherIncomeExpense": "-12833000", "discontinuedOperations": "0", "netIncomeFromContinuingOperations": "10399000", "netIncomeApplicableToCommonShares": "10394000", "preferredStockAndOtherAdjustments": "None"}, {"fiscalDateEnding": "2018-06-30", "reportedCurrency": "USD", "totalRevenue": "85023000", "totalOperatingExpense": "67774000", "costOfRevenue": "28038000", "grossProfit": "85023000", "ebit": "17101000", "netIncome": "3072000", "researchAndDevelopment": "0", "effectOfAccountingCharges": "0", "incomeBeforeTax": "4413000", "minorityInterest": "1125000", "sellingGeneralAdministrative": "34906000", "otherNonOperatingIncome": "-148000", "operatingIncome": "17249000", "otherOperatingExpense": "32868000", "interestExpense": "12688000", "taxProvision": "None", "interestIncome": "None", "netInterestIncome": "None", "extraordinaryItems": "0", "nonRecurring": "0", "otherItems": "0", "incomeTaxExpense": "1271000", "totalOtherIncomeExpense": "-12665000", "discontinuedOperations": "0", "netIncomeFromContinuingOperations": "3142000", "netIncomeApplicableToCommonShares": "3072000", "preferredStockAndOtherAdjustments": "None"}, {"fiscalDateEnding": "2018-03-31", "reportedCurrency": "USD", "totalRevenue": "80732000", "totalOperatingExpense": "67812000", "costOfRevenue": "27521000", "grossProfit": "80732000", "ebit": "13129000", "netIncome": "-453000", "researchAndDevelopment": "0", "effectOfAccountingCharges": "0", "incomeBeforeTax": "-691000", "minorityInterest": "-166000", "sellingGeneralAdministrative": "34533000", "otherNonOperatingIncome": "209000", "operatingIncome": "12920000", "otherOperatingExpense": "33279000", "interestExpense": "13820000", "taxProvision": "None", "interestIncome": "None", "netInterestIncome": "None", "extraordinaryItems": "0", "nonRecurring": "0", "otherItems": "0", "incomeTaxExpense": "502000", "totalOtherIncomeExpense": "-13676000", "discontinuedOperations": "0", "netIncomeFromContinuingOperations": "-1193000", "netIncomeApplicableToCommonShares": "-453000", "preferredStockAndOtherAdjustments": "None"}, {"fiscalDateEnding": "2017-12-31", "reportedCurrency": "USD", "totalRevenue": "81746000", "totalOperatingExpense": "57954000", "costOfRevenue": "51743000", "grossProfit": "81746000", "ebit": "23723000", "netIncome": "7077000", "researchAndDevelopment": "0", "effectOfAccountingCharges": "0", "incomeBeforeTax": "9731000", "minorityInterest": "2594000", "sellingGeneralAdministrative": "38036000", "otherNonOperatingIncome": "-69000", "operatingIncome": "23792000", "otherOperatingExpense": "19918000", "interestExpense": "13992000", "taxProvision": "None", "interestIncome": "None", "netInterestIncome": "None", "extraordinaryItems": "0", "nonRecurring": "0", "otherItems": "0", "incomeTaxExpense": "2986000", "totalOtherIncomeExpense": "-55500000", "discontinuedOperations": "0", "netIncomeFromContinuingOperations": "6745000", "netIncomeApplicableToCommonShares": "7077000", "preferredStockAndOtherAdjustments": "None"}, {"fiscalDateEnding": "2017-09-30", "reportedCurrency": "USD", "totalRevenue": "82339000", "totalOperatingExpense": "55862000", "costOfRevenue": "50904000", "grossProfit": "82339000", "ebit": "26378000", "netIncome": "9094000", "researchAndDevelopment": "0", "effectOfAccountingCharges": "0", "incomeBeforeTax": "12505000", "minorityInterest": "3351000", "sellingGeneralAdministrative": "34670000", "otherNonOperatingIncome": "-99000", "operatingIncome": "26477000", "otherOperatingExpense": "21192000", "interestExpense": "13873000", "taxProvision": "None", "interestIncome": "None", "netInterestIncome": "None", "extraordinaryItems": "0", "nonRecurring": "0", "otherItems": "0", "incomeTaxExpense": "3263000", "totalOtherIncomeExpense": "0", "discontinuedOperations": "0", "netIncomeFromContinuingOperations": "9242000", "netIncomeApplicableToCommonShares": "9094000", "preferredStockAndOtherAdjustments": "None"}, {"fiscalDateEnding": "2017-06-30", "reportedCurrency": "USD", "totalRevenue": "77106000", "totalOperatingExpense": "57058000", "costOfRevenue": "51927000", "grossProfit": "77106000", "ebit": "20240000", "netIncome": "5519000", "researchAndDevelopment": "0", "effectOfAccountingCharges": "0", "incomeBeforeTax": "7588000", "minorityInterest": "2008000", "sellingGeneralAdministrative": "32876000", "otherNonOperatingIncome": "192000", "operatingIncome": "20048000", "otherOperatingExpense": "24182000", "interestExpense": "12652000", "taxProvision": "None", "interestIncome": "None", "netInterestIncome": "None", "extraordinaryItems": "0", "nonRecurring": "0", "otherItems": "0", "incomeTaxExpense": "1700000", "totalOtherIncomeExpense": "0", "discontinuedOperations": "0", "netIncomeFromContinuingOperations": "5888000", "netIncomeApplicableToCommonShares": "5519000", "preferredStockAndOtherAdjustments": "None"}, {"fiscalDateEnding": "2017-03-31", "reportedCurrency": "USD", "totalRevenue": "73792000", "totalOperatingExpense": "50463000", "costOfRevenue": "45381000", "grossProfit": "73792000", "ebit": "23639000", "netIncome": "7387000", "researchAndDevelopment": "0", "effectOfAccountingCharges": "0", "incomeBeforeTax": "10308000", "minorityInterest": "2861000", "sellingGeneralAdministrative": "32477000", "otherNonOperatingIncome": "310000", "operatingIncome": "23329000", "otherOperatingExpense": "17986000", "interestExpense": "13331000", "taxProvision": "None", "interestIncome": "None", "netInterestIncome": "None", "extraordinaryItems": "0", "nonRecurring": "0", "otherItems": "0", "incomeTaxExpense": "2484000", "totalOtherIncomeExpense": "0", "discontinuedOperations": "0", "netIncomeFromContinuingOperations": "7824000", "netIncomeApplicableToCommonShares": "7387000", "preferredStockAndOtherAdjustments": "None"}, {"fiscalDateEnding": "2016-12-31", "reportedCurrency": "USD", "totalRevenue": "76562000", "totalOperatingExpense": "51452000", "costOfRevenue": "47011000", "grossProfit": "76562000", "ebit": "25196000", "netIncome": "8861000", "researchAndDevelopment": "0", "effectOfAccountingCharges": "0", "incomeBeforeTax": "12408000", "minorityInterest": "3486000", "sellingGeneralAdministrative": "33292000", "otherNonOperatingIncome": "86000", "operatingIncome": "25110000", "otherOperatingExpense": "18160000", "interestExpense": "12788000", "taxProvision": "None", "interestIncome": "None", "netInterestIncome": "None", "extraordinaryItems": "0", "nonRecurring": "0", "otherItems": "0", "incomeTaxExpense": "11538000", "totalOtherIncomeExpense": "-51738000", "discontinuedOperations": "0", "netIncomeFromContinuingOperations": "870000", "netIncomeApplicableToCommonShares": "8861000", "preferredStockAndOtherAdjustments": "None"}, {"fiscalDateEnding": "2016-09-30", "reportedCurrency": "USD", "totalRevenue": "75976000", "totalOperatingExpense": "50492000", "costOfRevenue": "45979000", "grossProfit": "75976000", "ebit": "24907000", "netIncome": "8474000", "researchAndDevelopment": "0", "effectOfAccountingCharges": "0", "incomeBeforeTax": "11858000", "minorityInterest": "3342000", "sellingGeneralAdministrative": "32500000", "otherNonOperatingIncome": "-577000", "operatingIncome": "25484000", "otherOperatingExpense": "17992000", "interestExpense": "13049000", "taxProvision": "None", "interestIncome": "None", "netInterestIncome": "None", "extraordinaryItems": "0", "nonRecurring": "0", "otherItems": "0", "incomeTaxExpense": "4018000", "totalOtherIncomeExpense": "0", "discontinuedOperations": "0", "netIncomeFromContinuingOperations": "7840000", "netIncomeApplicableToCommonShares": "8474000", "preferredStockAndOtherAdjustments": "None"}, {"fiscalDateEnding": "2016-06-30", "reportedCurrency": "USD", "totalRevenue": "71819000", "totalOperatingExpense": "48115000", "costOfRevenue": "43721000", "grossProfit": "71819000", "ebit": "23803000", "netIncome": "7599000", "researchAndDevelopment": "0", "effectOfAccountingCharges": "0", "incomeBeforeTax": "10650000", "minorityInterest": "3008000", "sellingGeneralAdministrative": "30401000", "otherNonOperatingIncome": "99000", "operatingIncome": "23704000", "otherOperatingExpense": "17714000", "interestExpense": "13153000", "taxProvision": "None", "interestIncome": "None", "netInterestIncome": "None", "extraordinaryItems": "0", "nonRecurring": "0", "otherItems": "0", "incomeTaxExpense": "182000", "totalOtherIncomeExpense": "0", "discontinuedOperations": "0", "netIncomeFromContinuingOperations": "10468000", "netIncomeApplicableToCommonShares": "7599000", "preferredStockAndOtherAdjustments": "None"}, {"fiscalDateEnding": "2016-03-31", "reportedCurrency": "USD", "totalRevenue": "70731000", "totalOperatingExpense": "47088000", "costOfRevenue": "42539000", "grossProfit": "70731000", "ebit": "23667000", "netIncome": "7651000", "researchAndDevelopment": "0", "effectOfAccountingCharges": "0", "incomeBeforeTax": "10721000", "minorityInterest": "3027000", "sellingGeneralAdministrative": "29635000", "otherNonOperatingIncome": "24000", "operatingIncome": "23643000", "otherOperatingExpense": "17453000", "interestExpense": "12946000", "taxProvision": "None", "interestIncome": "None", "netInterestIncome": "None", "extraordinaryItems": "0", "nonRecurring": "0", "otherItems": "0", "incomeTaxExpense": "1886000", "totalOtherIncomeExpense": "0", "discontinuedOperations": "0", "netIncomeFromContinuingOperations": "8835000", "netIncomeApplicableToCommonShares": "7651000", "preferredStockAndOtherAdjustments": "None"}, {"fiscalDateEnding": "2015-12-31", "reportedCurrency": "USD", "totalRevenue": "71530000", "totalOperatingExpense": "47637000", "costOfRevenue": "43724000", "grossProfit": "71530000", "ebit": "24236000", "netIncome": "8212000", "researchAndDevelopment": "0", "effectOfAccountingCharges": "0", "incomeBeforeTax": "-11766000", "minorityInterest": "2961000", "sellingGeneralAdministrative": "30399000", "otherNonOperatingIncome": "343000", "operatingIncome": "23893000", "otherOperatingExpense": "17238000", "interestExpense": "36002000", "taxProvision": "None", "interestIncome": "None", "netInterestIncome": "None", "extraordinaryItems": "0", "nonRecurring": "0", "otherItems": "0", "incomeTaxExpense": "3290000", "totalOtherIncomeExpense": "-39941000", "discontinuedOperations": "0", "netIncomeFromContinuingOperations": "-15056000", "netIncomeApplicableToCommonShares": "8212000", "preferredStockAndOtherAdjustments": "None"}, {"fiscalDateEnding": "2015-09-30", "reportedCurrency": "USD", "totalRevenue": "71289000", "totalOperatingExpense": "47779000", "costOfRevenue": "41422000", "grossProfit": "71289000", "ebit": "30284000", "netIncome": "13562000", "researchAndDevelopment": "0", "effectOfAccountingCharges": "0", "incomeBeforeTax": "19026000", "minorityInterest": "5432000", "sellingGeneralAdministrative": "32018000", "otherNonOperatingIncome": "6774000", "operatingIncome": "23510000", "otherOperatingExpense": "15761000", "interestExpense": "11258000", "taxProvision": "None", "interestIncome": "None", "netInterestIncome": "None", "extraordinaryItems": "0", "nonRecurring": "0", "otherItems": "0", "incomeTaxExpense": "5155000", "totalOtherIncomeExpense": "0", "discontinuedOperations": "0", "netIncomeFromContinuingOperations": "13871000", "netIncomeApplicableToCommonShares": "13562000", "preferredStockAndOtherAdjustments": "None"}, {"fiscalDateEnding": "2015-06-30", "reportedCurrency": "USD", "totalRevenue": "66769000", "totalOperatingExpense": "43265000", "costOfRevenue": "38477000", "grossProfit": "66769000", "ebit": "23481000", "netIncome": "8708000", "researchAndDevelopment": "0", "effectOfAccountingCharges": "0", "incomeBeforeTax": "23481000", "minorityInterest": "3536000", "sellingGeneralAdministrative": "27979000", "otherNonOperatingIncome": "-23000", "operatingIncome": "23504000", "otherOperatingExpense": "15286000", "interestExpense": "13640000", "taxProvision": "None", "interestIncome": "None", "netInterestIncome": "None", "extraordinaryItems": "0", "nonRecurring": "0", "otherItems": "0", "incomeTaxExpense": "3656000", "totalOtherIncomeExpense": "0", "discontinuedOperations": "0", "netIncomeFromContinuingOperations": "19825000", "netIncomeApplicableToCommonShares": "8708000", "preferredStockAndOtherAdjustments": "None"}]}