{"symbol": "AAWW", "annualReports": [{"fiscalDateEnding": "2019-12-31", "reportedCurrency": "USD", "totalRevenue": "2739189000", "totalOperatingExpense": "2552314000", "costOfRevenue": "2147582000", "grossProfit": "591607000", "ebit": "-37881000", "netIncome": "-293113000", "researchAndDevelopment": "None", "effectOfAccountingCharges": "None", "incomeBeforeTax": "-472758000", "minorityInterest": "None", "sellingGeneralAdministrative": "189211000", "otherNonOperatingIncome": "None", "operatingIncome": "186875000", "otherOperatingExpense": "215521000", "interestExpense": "118056000", "taxProvision": "-179645000", "interestIncome": "4296000", "netInterestIncome": "-113760000", "extraordinaryItems": "None", "nonRecurring": "None", "otherItems": "None", "incomeTaxExpense": "-179645000", "totalOtherIncomeExpense": "-545873000", "discontinuedOperations": "None", "netIncomeFromContinuingOperations": "-293113000", "netIncomeApplicableToCommonShares": "-293113000", "preferredStockAndOtherAdjustments": "None"}, {"fiscalDateEnding": "2018-12-31", "reportedCurrency": "USD", "totalRevenue": "2677724000", "totalOperatingExpense": "1486285000", "costOfRevenue": "907897000", "grossProfit": "1769827000", "ebit": "424025000", "netIncome": "270567000", "researchAndDevelopment": "0", "effectOfAccountingCharges": "None", "incomeBeforeTax": "309374000", "minorityInterest": "None", "sellingGeneralAdministrative": "898160000", "otherNonOperatingIncome": "140483000", "operatingIncome": "283542000", "otherOperatingExpense": "576640000", "interestExpense": "114651000", "taxProvision": "38727000", "interestIncome": "6710000", "netInterestIncome": "-107941000", "extraordinaryItems": "-80000", "nonRecurring": "11485000", "otherItems": "None", "incomeTaxExpense": "38727000", "totalOtherIncomeExpense": "122288000", "discontinuedOperations": "-80000", "netIncomeFromContinuingOperations": "270647000", "netIncomeApplicableToCommonShares": "270567000", "preferredStockAndOtherAdjustments": "None"}, {"fiscalDateEnding": "2017-12-31", "reportedCurrency": "USD", "totalRevenue": "2156460000", "totalOperatingExpense": "1909902000", "costOfRevenue": "1914486000", "grossProfit": "241974000", "ebit": "235670000", "netIncome": "223473000", "researchAndDevelopment": "0", "effectOfAccountingCharges": "None", "incomeBeforeTax": "143372000", "minorityInterest": "None", "sellingGeneralAdministrative": "144699000", "otherNonOperatingIncome": "-6304000", "operatingIncome": "241974000", "otherOperatingExpense": "168643000", "interestExpense": "92298000", "taxProvision": "-80966000", "interestIncome": "6009000", "netInterestIncome": "-86289000", "extraordinaryItems": "129135000", "nonRecurring": "106000", "otherItems": "None", "incomeTaxExpense": "-80966000", "totalOtherIncomeExpense": "-16897000", "discontinuedOperations": "-865000", "netIncomeFromContinuingOperations": "224338000", "netIncomeApplicableToCommonShares": "223473000", "preferredStockAndOtherAdjustments": "None"}, {"fiscalDateEnding": "2016-12-31", "reportedCurrency": "USD", "totalRevenue": "1839627000", "totalOperatingExpense": "1639116000", "costOfRevenue": "1671316000", "grossProfit": "168311000", "ebit": "170753000", "netIncome": "42625000", "researchAndDevelopment": "0", "effectOfAccountingCharges": "None", "incomeBeforeTax": "89416000", "minorityInterest": "None", "sellingGeneralAdministrative": "127748000", "otherNonOperatingIncome": "2442000", "operatingIncome": "168311000", "otherOperatingExpense": "142733000", "interestExpense": "81337000", "taxProvision": "46791000", "interestIncome": "5532000", "netInterestIncome": "-75805000", "extraordinaryItems": "-1109000", "nonRecurring": "10140000", "otherItems": "None", "incomeTaxExpense": "46791000", "totalOtherIncomeExpense": "-35290000", "discontinuedOperations": "-1109000", "netIncomeFromContinuingOperations": "42625000", "netIncomeApplicableToCommonShares": "41516000", "preferredStockAndOtherAdjustments": "None"}, {"fiscalDateEnding": "2015-12-31", "reportedCurrency": "USD", "totalRevenue": "1822659000", "totalOperatingExpense": "1680228000", "costOfRevenue": "1699154000", "grossProfit": "123505000", "ebit": "78509000", "netIncome": "7286000", "researchAndDevelopment": "0", "effectOfAccountingCharges": "None", "incomeBeforeTax": "-17220000", "minorityInterest": "None", "sellingGeneralAdministrative": "454127000", "otherNonOperatingIncome": "-44996000", "operatingIncome": "123505000", "otherOperatingExpense": "234073000", "interestExpense": "95729000", "taxProvision": "-24506000", "interestIncome": "-69736000", "netInterestIncome": "None", "extraordinaryItems": "None", "nonRecurring": "17388000", "otherItems": "None", "incomeTaxExpense": "-24506000", "totalOtherIncomeExpense": "-159651000", "discontinuedOperations": "-1109000", "netIncomeFromContinuingOperations": "7286000", "netIncomeApplicableToCommonShares": "7286000", "preferredStockAndOtherAdjustments": "None"}], "quarterlyReports": [{"fiscalDateEnding": "2020-06-30", "reportedCurrency": "USD", "totalRevenue": "825253000", "totalOperatingExpense": "531265000", "costOfRevenue": "173326000", "grossProfit": "651927000", "ebit": "140739000", "netIncome": "78912000", "researchAndDevelopment": "None", "effectOfAccountingCharges": "None", "incomeBeforeTax": "111921000", "minorityInterest": "None", "sellingGeneralAdministrative": "279928000", "otherNonOperatingIncome": "20077000", "operatingIncome": "120662000", "otherOperatingExpense": "234126000", "interestExpense": "28818000", "taxProvision": "33009000", "interestIncome": "224000", "netInterestIncome": "-28594000", "extraordinaryItems": "None", "nonRecurring": "17211000", "otherItems": "None", "incomeTaxExpense": "33009000", "totalOtherIncomeExpense": "2642000", "discontinuedOperations": "None", "netIncomeFromContinuingOperations": "78912000", "netIncomeApplicableToCommonShares": "78912000", "preferredStockAndOtherAdjustments": "None"}, {"fiscalDateEnding": "2020-03-31", "reportedCurrency": "USD", "totalRevenue": "643502000", "totalOperatingExpense": "386787000", "costOfRevenue": "195645000", "grossProfit": "447857000", "ebit": "61268000", "netIncome": "23353000", "researchAndDevelopment": "None", "effectOfAccountingCharges": "None", "incomeBeforeTax": "32186000", "minorityInterest": "None", "sellingGeneralAdministrative": "241247000", "otherNonOperatingIncome": "198000", "operatingIncome": "61070000", "otherOperatingExpense": "151736000", "interestExpense": "29082000", "taxProvision": "8833000", "interestIncome": "480000", "netInterestIncome": "-28602000", "extraordinaryItems": "None", "nonRecurring": "-6196000", "otherItems": "None", "incomeTaxExpense": "8833000", "totalOtherIncomeExpense": "5914000", "discontinuedOperations": "None", "netIncomeFromContinuingOperations": "23353000", "netIncomeApplicableToCommonShares": "23353000", "preferredStockAndOtherAdjustments": "None"}, {"fiscalDateEnding": "2019-12-31", "reportedCurrency": "USD", "totalRevenue": "747049000", "totalOperatingExpense": "640854000", "costOfRevenue": "537183000", "grossProfit": "209866000", "ebit": "-416797000", "netIncome": "-410245000", "researchAndDevelopment": "None", "effectOfAccountingCharges": "None", "incomeBeforeTax": "-521818000", "minorityInterest": "None", "sellingGeneralAdministrative": "48698000", "otherNonOperatingIncome": "None", "operatingIncome": "106195000", "otherOperatingExpense": "54973000", "interestExpense": "29484000", "taxProvision": "-111573000", "interestIncome": "321000", "netInterestIncome": "-29163000", "extraordinaryItems": "None", "nonRecurring": "None", "otherItems": "None", "incomeTaxExpense": "-111573000", "totalOtherIncomeExpense": "-598850000", "discontinuedOperations": "None", "netIncomeFromContinuingOperations": "-410245000", "netIncomeApplicableToCommonShares": "-410245000", "preferredStockAndOtherAdjustments": "None"}, {"fiscalDateEnding": "2019-09-30", "reportedCurrency": "USD", "totalRevenue": "648539000", "totalOperatingExpense": "419515000", "costOfRevenue": "229903000", "grossProfit": "418636000", "ebit": "80956000", "netIncome": "59974000", "researchAndDevelopment": "None", "effectOfAccountingCharges": "None", "incomeBeforeTax": "51692000", "minorityInterest": "None", "sellingGeneralAdministrative": "249591000", "otherNonOperatingIncome": "81835000", "operatingIncome": "-879000", "otherOperatingExpense": "150739000", "interestExpense": "29264000", "taxProvision": "-8282000", "interestIncome": "653000", "netInterestIncome": "-28611000", "extraordinaryItems": "None", "nonRecurring": "19185000", "otherItems": "None", "incomeTaxExpense": "-8282000", "totalOtherIncomeExpense": "61997000", "discontinuedOperations": "None", "netIncomeFromContinuingOperations": "59974000", "netIncomeApplicableToCommonShares": "59974000", "preferredStockAndOtherAdjustments": "None"}, {"fiscalDateEnding": "2019-06-30", "reportedCurrency": "USD", "totalRevenue": "663918000", "totalOperatingExpense": "423948000", "costOfRevenue": "231000000", "grossProfit": "432918000", "ebit": "51603000", "netIncome": "86868000", "researchAndDevelopment": "None", "effectOfAccountingCharges": "None", "incomeBeforeTax": "22185000", "minorityInterest": "None", "sellingGeneralAdministrative": "242785000", "otherNonOperatingIncome": "42633000", "operatingIncome": "8970000", "otherOperatingExpense": "177160000", "interestExpense": "29418000", "taxProvision": "-64683000", "interestIncome": "1278000", "netInterestIncome": "-28140000", "extraordinaryItems": "None", "nonRecurring": "4003000", "otherItems": "None", "incomeTaxExpense": "-64683000", "totalOtherIncomeExpense": "37352000", "discontinuedOperations": "None", "netIncomeFromContinuingOperations": "86868000", "netIncomeApplicableToCommonShares": "86868000", "preferredStockAndOtherAdjustments": "None"}, {"fiscalDateEnding": "2019-03-31", "reportedCurrency": "USD", "totalRevenue": "679683000", "totalOperatingExpense": "412224000", "costOfRevenue": "220585000", "grossProfit": "459098000", "ebit": "5073000", "netIncome": "-29710000", "researchAndDevelopment": "None", "effectOfAccountingCharges": "None", "incomeBeforeTax": "-24817000", "minorityInterest": "None", "sellingGeneralAdministrative": "241596000", "otherNonOperatingIncome": "-41801000", "operatingIncome": "46874000", "otherOperatingExpense": "168101000", "interestExpense": "29890000", "taxProvision": "4893000", "interestIncome": "-27846000", "netInterestIncome": "-27846000", "extraordinaryItems": "None", "nonRecurring": "2527000", "otherItems": "None", "incomeTaxExpense": "4893000", "totalOtherIncomeExpense": "-46372000", "discontinuedOperations": "None", "netIncomeFromContinuingOperations": "-29710000", "netIncomeApplicableToCommonShares": "-29710000", "preferredStockAndOtherAdjustments": "None"}, {"fiscalDateEnding": "2018-12-31", "reportedCurrency": "USD", "totalRevenue": "764958000", "totalOperatingExpense": "748387000", "costOfRevenue": "-110986000", "grossProfit": "875944000", "ebit": "264250000", "netIncome": "210974000", "researchAndDevelopment": "0", "effectOfAccountingCharges": "0", "incomeBeforeTax": "232903000", "minorityInterest": "0", "sellingGeneralAdministrative": "453264000", "otherNonOperatingIncome": "136693000", "operatingIncome": "127557000", "otherOperatingExpense": "294017000", "interestExpense": "31347000", "taxProvision": "None", "interestIncome": "None", "netInterestIncome": "None", "extraordinaryItems": "-30000", "nonRecurring": "1106000", "otherItems": "0", "incomeTaxExpense": "21899000", "totalOtherIncomeExpense": "104510000", "discontinuedOperations": "-30000", "netIncomeFromContinuingOperations": "211004000", "netIncomeApplicableToCommonShares": "210974000", "preferredStockAndOtherAdjustments": "None"}, {"fiscalDateEnding": "2018-09-30", "reportedCurrency": "USD", "totalRevenue": "656607000", "totalOperatingExpense": "370586000", "costOfRevenue": "231551000", "grossProfit": "425056000", "ebit": "101167000", "netIncome": "71131000", "researchAndDevelopment": "0", "effectOfAccountingCharges": "0", "incomeBeforeTax": "71172000", "minorityInterest": "0", "sellingGeneralAdministrative": "226268000", "otherNonOperatingIncome": "46697000", "operatingIncome": "54470000", "otherOperatingExpense": "143553000", "interestExpense": "29995000", "taxProvision": "None", "interestIncome": "None", "netInterestIncome": "None", "extraordinaryItems": "0", "nonRecurring": "765000", "otherItems": "0", "incomeTaxExpense": "34000", "totalOtherIncomeExpense": "15937000", "discontinuedOperations": "-7000", "netIncomeFromContinuingOperations": "71138000", "netIncomeApplicableToCommonShares": "71131000", "preferredStockAndOtherAdjustments": "None"}, {"fiscalDateEnding": "2018-06-30", "reportedCurrency": "USD", "totalRevenue": "666145000", "totalOperatingExpense": "367312000", "costOfRevenue": "237887000", "grossProfit": "428258000", "ebit": "19580000", "netIncome": "-21150000", "researchAndDevelopment": "0", "effectOfAccountingCharges": "0", "incomeBeforeTax": "-8137000", "minorityInterest": "0", "sellingGeneralAdministrative": "218628000", "otherNonOperatingIncome": "-41366000", "operatingIncome": "60946000", "otherOperatingExpense": "139070000", "interestExpense": "27717000", "taxProvision": "None", "interestIncome": "None", "netInterestIncome": "None", "extraordinaryItems": "0", "nonRecurring": "9614000", "otherItems": "0", "incomeTaxExpense": "12986000", "totalOtherIncomeExpense": "-78697000", "discontinuedOperations": "-27000", "netIncomeFromContinuingOperations": "-21123000", "netIncomeApplicableToCommonShares": "-21150000", "preferredStockAndOtherAdjustments": "None"}, {"fiscalDateEnding": "2018-03-31", "reportedCurrency": "USD", "totalRevenue": "590014000", "totalOperatingExpense": "549175000", "costOfRevenue": "549445000", "grossProfit": "40569000", "ebit": "39028000", "netIncome": "9612000", "researchAndDevelopment": "0", "effectOfAccountingCharges": "0", "incomeBeforeTax": "13436000", "minorityInterest": "0", "sellingGeneralAdministrative": "39847000", "otherNonOperatingIncome": "-1541000", "operatingIncome": "40569000", "otherOperatingExpense": "50251000", "interestExpense": "25592000", "taxProvision": "None", "interestIncome": "None", "netInterestIncome": "None", "extraordinaryItems": "0", "nonRecurring": "0", "otherItems": "0", "incomeTaxExpense": "3808000", "totalOtherIncomeExpense": "-27403000", "discontinuedOperations": "-16000", "netIncomeFromContinuingOperations": "9628000", "netIncomeApplicableToCommonShares": "9612000", "preferredStockAndOtherAdjustments": "None"}, {"fiscalDateEnding": "2017-12-31", "reportedCurrency": "USD", "totalRevenue": "627952000", "totalOperatingExpense": "3258509000", "costOfRevenue": "521204000", "grossProfit": "106748000", "ebit": "132193000", "netIncome": "209448000", "researchAndDevelopment": "0", "effectOfAccountingCharges": "0", "incomeBeforeTax": "107009000", "minorityInterest": "0", "sellingGeneralAdministrative": "45522000", "otherNonOperatingIncome": "25445000", "operatingIncome": "106748000", "otherOperatingExpense": "-247091000", "interestExpense": "25184000", "taxProvision": "None", "interestIncome": "None", "netInterestIncome": "None", "extraordinaryItems": "0", "nonRecurring": "-954000", "otherItems": "0", "incomeTaxExpense": "-102445000", "totalOtherIncomeExpense": "-36467000", "discontinuedOperations": "9700000", "netIncomeFromContinuingOperations": "209454000", "netIncomeApplicableToCommonShares": "209448000", "preferredStockAndOtherAdjustments": "None"}, {"fiscalDateEnding": "2017-09-30", "reportedCurrency": "USD", "totalRevenue": "535748000", "totalOperatingExpense": "-1806192000", "costOfRevenue": "483036000", "grossProfit": "52712000", "ebit": "10623000", "netIncome": "-24162000", "researchAndDevelopment": "0", "effectOfAccountingCharges": "0", "incomeBeforeTax": "-14008000", "minorityInterest": "0", "sellingGeneralAdministrative": "42598000", "otherNonOperatingIncome": "-42089000", "operatingIncome": "52712000", "otherOperatingExpense": "603753000", "interestExpense": "24631000", "taxProvision": "None", "interestIncome": "None", "netInterestIncome": "None", "extraordinaryItems": "0", "nonRecurring": "1590000", "otherItems": "0", "incomeTaxExpense": "10187000", "totalOtherIncomeExpense": "-58023000", "discontinuedOperations": "-15182000", "netIncomeFromContinuingOperations": "-24195000", "netIncomeApplicableToCommonShares": "-24162000", "preferredStockAndOtherAdjustments": "None"}, {"fiscalDateEnding": "2017-06-30", "reportedCurrency": "USD", "totalRevenue": "517366000", "totalOperatingExpense": "457585000", "costOfRevenue": "458888000", "grossProfit": "58478000", "ebit": "72522000", "netIncome": "38939000", "researchAndDevelopment": "0", "effectOfAccountingCharges": "0", "incomeBeforeTax": "49783000", "minorityInterest": "0", "sellingGeneralAdministrative": "39345000", "otherNonOperatingIncome": "14044000", "operatingIncome": "58478000", "otherOperatingExpense": "-225913000", "interestExpense": "22739000", "taxProvision": "None", "interestIncome": "None", "netInterestIncome": "None", "extraordinaryItems": "0", "nonRecurring": "-636000", "otherItems": "0", "incomeTaxExpense": "10739000", "totalOtherIncomeExpense": "14752000", "discontinuedOperations": "5404000", "netIncomeFromContinuingOperations": "39044000", "netIncomeApplicableToCommonShares": "38939000", "preferredStockAndOtherAdjustments": "None"}, {"fiscalDateEnding": "2017-03-31", "reportedCurrency": "USD", "totalRevenue": "475394000", "totalOperatingExpense": "0", "costOfRevenue": "451358000", "grossProfit": "24036000", "ebit": "20332000", "netIncome": "-752000", "researchAndDevelopment": "0", "effectOfAccountingCharges": "0", "incomeBeforeTax": "588000", "minorityInterest": "0", "sellingGeneralAdministrative": "41178000", "otherNonOperatingIncome": "-3704000", "operatingIncome": "24036000", "otherOperatingExpense": "37894000", "interestExpense": "19744000", "taxProvision": "None", "interestIncome": "None", "netInterestIncome": "None", "extraordinaryItems": "0", "nonRecurring": "106000", "otherItems": "0", "incomeTaxExpense": "553000", "totalOtherIncomeExpense": "-23448000", "discontinuedOperations": "-787000", "netIncomeFromContinuingOperations": "35000", "netIncomeApplicableToCommonShares": "-752000", "preferredStockAndOtherAdjustments": "None"}, {"fiscalDateEnding": "2016-12-31", "reportedCurrency": "USD", "totalRevenue": "529725000", "totalOperatingExpense": "1639116000", "costOfRevenue": "428293000", "grossProfit": "101432000", "ebit": "74296000", "netIncome": "28736000", "researchAndDevelopment": "0", "effectOfAccountingCharges": "0", "incomeBeforeTax": "54448000", "minorityInterest": "0", "sellingGeneralAdministrative": "35848000", "otherNonOperatingIncome": "-27136000", "operatingIncome": "101432000", "otherOperatingExpense": "328472000", "interestExpense": "19848000", "taxProvision": "None", "interestIncome": "None", "netInterestIncome": "None", "extraordinaryItems": "0", "nonRecurring": "27685000", "otherItems": "0", "incomeTaxExpense": "25712000", "totalOtherIncomeExpense": "-111095000", "discontinuedOperations": "-2734000", "netIncomeFromContinuingOperations": "28736000", "netIncomeApplicableToCommonShares": "28417000", "preferredStockAndOtherAdjustments": "None"}, {"fiscalDateEnding": "2016-09-30", "reportedCurrency": "USD", "totalRevenue": "448015000", "totalOperatingExpense": "0", "costOfRevenue": "422017000", "grossProfit": "25998000", "ebit": "26032000", "netIncome": "-7501000", "researchAndDevelopment": "0", "effectOfAccountingCharges": "0", "incomeBeforeTax": "5736000", "minorityInterest": "0", "sellingGeneralAdministrative": "34465000", "otherNonOperatingIncome": "34000", "operatingIncome": "25998000", "otherOperatingExpense": "-222947000", "interestExpense": "20296000", "taxProvision": "None", "interestIncome": "None", "netInterestIncome": "None", "extraordinaryItems": "0", "nonRecurring": "-21054000", "otherItems": "0", "incomeTaxExpense": "13237000", "totalOtherIncomeExpense": "0", "discontinuedOperations": "1970000", "netIncomeFromContinuingOperations": "-7501000", "netIncomeApplicableToCommonShares": "-7946000", "preferredStockAndOtherAdjustments": "None"}, {"fiscalDateEnding": "2016-06-30", "reportedCurrency": "USD", "totalRevenue": "443272000", "totalOperatingExpense": "0", "costOfRevenue": "422448000", "grossProfit": "20824000", "ebit": "48656000", "netIncome": "20574000", "researchAndDevelopment": "0", "effectOfAccountingCharges": "0", "incomeBeforeTax": "28408000", "minorityInterest": "0", "sellingGeneralAdministrative": "40593000", "otherNonOperatingIncome": "27832000", "operatingIncome": "20824000", "otherOperatingExpense": "37208000", "interestExpense": "20938000", "taxProvision": "None", "interestIncome": "None", "netInterestIncome": "None", "extraordinaryItems": "0", "nonRecurring": "3509000", "otherItems": "0", "incomeTaxExpense": "7489000", "totalOtherIncomeExpense": "0", "discontinuedOperations": "-345000", "netIncomeFromContinuingOperations": "20919000", "netIncomeApplicableToCommonShares": "20919000", "preferredStockAndOtherAdjustments": "None"}, {"fiscalDateEnding": "2016-03-31", "reportedCurrency": "USD", "totalRevenue": "418615000", "totalOperatingExpense": "0", "costOfRevenue": "398558000", "grossProfit": "20057000", "ebit": "21769000", "netIncome": "471000", "researchAndDevelopment": "0", "effectOfAccountingCharges": "0", "incomeBeforeTax": "824000", "minorityInterest": "0", "sellingGeneralAdministrative": "31827000", "otherNonOperatingIncome": "1712000", "operatingIncome": "20057000", "otherOperatingExpense": "0", "interestExpense": "20945000", "taxProvision": "None", "interestIncome": "None", "netInterestIncome": "None", "extraordinaryItems": "0", "nonRecurring": "0", "otherItems": "0", "incomeTaxExpense": "353000", "totalOtherIncomeExpense": "0", "discontinuedOperations": "0", "netIncomeFromContinuingOperations": "471000", "netIncomeApplicableToCommonShares": "471000", "preferredStockAndOtherAdjustments": "None"}, {"fiscalDateEnding": "2015-12-31", "reportedCurrency": "USD", "totalRevenue": "472077000", "totalOperatingExpense": "1680228000", "costOfRevenue": "515821000", "grossProfit": "-43744000", "ebit": "-44648000", "netIncome": "-37582000", "researchAndDevelopment": "0", "effectOfAccountingCharges": "0", "incomeBeforeTax": "-69445000", "minorityInterest": "0", "sellingGeneralAdministrative": "33665000", "otherNonOperatingIncome": "-904000", "operatingIncome": "-43744000", "otherOperatingExpense": "234073000", "interestExpense": "24797000", "taxProvision": "None", "interestIncome": "None", "netInterestIncome": "None", "extraordinaryItems": "0", "nonRecurring": "17388000", "otherItems": "0", "incomeTaxExpense": "-31863000", "totalOtherIncomeExpense": "-159651000", "discontinuedOperations": "-1109000", "netIncomeFromContinuingOperations": "-37582000", "netIncomeApplicableToCommonShares": "-37582000", "preferredStockAndOtherAdjustments": "None"}, {"fiscalDateEnding": "2015-09-30", "reportedCurrency": "USD", "totalRevenue": "449904000", "totalOperatingExpense": "0", "costOfRevenue": "400909000", "grossProfit": "48995000", "ebit": "-3619000", "netIncome": "-12754000", "researchAndDevelopment": "0", "effectOfAccountingCharges": "0", "incomeBeforeTax": "-25173000", "minorityInterest": "0", "sellingGeneralAdministrative": "32755000", "otherNonOperatingIncome": "-52614000", "operatingIncome": "48995000", "otherOperatingExpense": "0", "interestExpense": "21554000", "taxProvision": "None", "interestIncome": "None", "netInterestIncome": "None", "extraordinaryItems": "0", "nonRecurring": "0", "otherItems": "0", "incomeTaxExpense": "-12419000", "totalOtherIncomeExpense": "0", "discontinuedOperations": "0", "netIncomeFromContinuingOperations": "-12754000", "netIncomeApplicableToCommonShares": "-12754000", "preferredStockAndOtherAdjustments": "None"}, {"fiscalDateEnding": "2015-06-30", "reportedCurrency": "USD", "totalRevenue": "455833000", "totalOperatingExpense": "0", "costOfRevenue": "394549000", "grossProfit": "61284000", "ebit": "65993000", "netIncome": "28390000", "researchAndDevelopment": "0", "effectOfAccountingCharges": "0", "incomeBeforeTax": "41137000", "minorityInterest": "0", "sellingGeneralAdministrative": "32329000", "otherNonOperatingIncome": "4709000", "operatingIncome": "61284000", "otherOperatingExpense": "0", "interestExpense": "24856000", "taxProvision": "None", "interestIncome": "None", "netInterestIncome": "None", "extraordinaryItems": "0", "nonRecurring": "0", "otherItems": "0", "incomeTaxExpense": "12747000", "totalOtherIncomeExpense": "0", "discontinuedOperations": "0", "netIncomeFromContinuingOperations": "28390000", "netIncomeApplicableToCommonShares": "28390000", "preferredStockAndOtherAdjustments": "None"}]}