{"symbol": "AAXN", "annualReports": [{"fiscalDateEnding": "2019-12-31", "reportedCurrency": "USD", "totalRevenue": "530860000", "totalOperatingExpense": "313680000", "costOfRevenue": "223574000", "grossProfit": "307286000", "ebit": "-6394000", "netIncome": "882000", "researchAndDevelopment": "100721000", "effectOfAccountingCharges": "None", "incomeBeforeTax": "2070000", "minorityInterest": "None", "sellingGeneralAdministrative": "212959000", "otherNonOperatingIncome": "None", "operatingIncome": "-6394000", "otherOperatingExpense": "None", "interestExpense": "-8464000", "taxProvision": "1188000", "interestIncome": "8464000", "netInterestIncome": "8464000", "extraordinaryItems": "None", "nonRecurring": "None", "otherItems": "None", "incomeTaxExpense": "1188000", "totalOtherIncomeExpense": "6464000", "discontinuedOperations": "None", "netIncomeFromContinuingOperations": "882000", "netIncomeApplicableToCommonShares": "882000", "preferredStockAndOtherAdjustments": "None"}, {"fiscalDateEnding": "2018-12-31", "reportedCurrency": "USD", "totalRevenue": "420068000", "totalOperatingExpense": "233742000", "costOfRevenue": "161485000", "grossProfit": "258583000", "ebit": "24841000", "netIncome": "29205000", "researchAndDevelopment": "76856000", "effectOfAccountingCharges": "None", "incomeBeforeTax": "28104000", "minorityInterest": "None", "sellingGeneralAdministrative": "156886000", "otherNonOperatingIncome": "None", "operatingIncome": "24841000", "otherOperatingExpense": "None", "interestExpense": "-3263000", "taxProvision": "-1101000", "interestIncome": "3263000", "netInterestIncome": "3263000", "extraordinaryItems": "-300000", "nonRecurring": "None", "otherItems": "None", "incomeTaxExpense": "-1101000", "totalOtherIncomeExpense": "1263000", "discontinuedOperations": "None", "netIncomeFromContinuingOperations": "29205000", "netIncomeApplicableToCommonShares": "29205000", "preferredStockAndOtherAdjustments": "None"}, {"fiscalDateEnding": "2017-12-31", "reportedCurrency": "USD", "totalRevenue": "343798000", "totalOperatingExpense": "194065000", "costOfRevenue": "136710000", "grossProfit": "207088000", "ebit": "13023000", "netIncome": "5207000", "researchAndDevelopment": "55373000", "effectOfAccountingCharges": "None", "incomeBeforeTax": "15761000", "minorityInterest": "None", "sellingGeneralAdministrative": "138692000", "otherNonOperatingIncome": "None", "operatingIncome": "13023000", "otherOperatingExpense": "None", "interestExpense": "-2738000", "taxProvision": "10554000", "interestIncome": "2738000", "netInterestIncome": "2738000", "extraordinaryItems": "-8000000", "nonRecurring": "None", "otherItems": "None", "incomeTaxExpense": "10554000", "totalOtherIncomeExpense": "3062000", "discontinuedOperations": "None", "netIncomeFromContinuingOperations": "5207000", "netIncomeApplicableToCommonShares": "5207000", "preferredStockAndOtherAdjustments": "None"}, {"fiscalDateEnding": "2016-12-31", "reportedCurrency": "USD", "totalRevenue": "268245000", "totalOperatingExpense": "138685000", "costOfRevenue": "97709000", "grossProfit": "170536000", "ebit": "31851000", "netIncome": "17297000", "researchAndDevelopment": "30609000", "effectOfAccountingCharges": "None", "incomeBeforeTax": "31497000", "minorityInterest": "None", "sellingGeneralAdministrative": "108076000", "otherNonOperatingIncome": "None", "operatingIncome": "31851000", "otherOperatingExpense": "None", "interestExpense": "354000", "taxProvision": "14200000", "interestIncome": "-354000", "netInterestIncome": "-354000", "extraordinaryItems": "None", "nonRecurring": "None", "otherItems": "None", "incomeTaxExpense": "14200000", "totalOtherIncomeExpense": "0", "discontinuedOperations": "None", "netIncomeFromContinuingOperations": "17297000", "netIncomeApplicableToCommonShares": "17297000", "preferredStockAndOtherAdjustments": "None"}, {"fiscalDateEnding": "2015-12-31", "reportedCurrency": "USD", "totalRevenue": "197892000", "totalOperatingExpense": "93312000", "costOfRevenue": "69245000", "grossProfit": "128647000", "ebit": "35335000", "netIncome": "19933000", "researchAndDevelopment": "23614000", "effectOfAccountingCharges": "None", "incomeBeforeTax": "35361000", "minorityInterest": "None", "sellingGeneralAdministrative": "69698000", "otherNonOperatingIncome": "None", "operatingIncome": "35335000", "otherOperatingExpense": "None", "interestExpense": "-26000", "taxProvision": "15428000", "interestIncome": "26000", "netInterestIncome": "None", "extraordinaryItems": "None", "nonRecurring": "None", "otherItems": "None", "incomeTaxExpense": "15428000", "totalOtherIncomeExpense": "26000", "discontinuedOperations": "None", "netIncomeFromContinuingOperations": "19933000", "netIncomeApplicableToCommonShares": "19933000", "preferredStockAndOtherAdjustments": "None"}], "quarterlyReports": [{"fiscalDateEnding": "2020-06-30", "reportedCurrency": "USD", "totalRevenue": "141259000", "totalOperatingExpense": "101853000", "costOfRevenue": "53082000", "grossProfit": "88177000", "ebit": "-13676000", "netIncome": "-30759000", "researchAndDevelopment": "29560000", "effectOfAccountingCharges": "None", "incomeBeforeTax": "-12063000", "minorityInterest": "None", "sellingGeneralAdministrative": "72293000", "otherNonOperatingIncome": "None", "operatingIncome": "-13676000", "otherOperatingExpense": "None", "interestExpense": "-1613000", "taxProvision": "18696000", "interestIncome": "None", "netInterestIncome": "1613000", "extraordinaryItems": "None", "nonRecurring": "None", "otherItems": "None", "incomeTaxExpense": "18696000", "totalOtherIncomeExpense": "None", "discontinuedOperations": "None", "netIncomeFromContinuingOperations": "-30759000", "netIncomeApplicableToCommonShares": "-30759000", "preferredStockAndOtherAdjustments": "None"}, {"fiscalDateEnding": "2020-03-31", "reportedCurrency": "USD", "totalRevenue": "147162000", "totalOperatingExpense": "89408000", "costOfRevenue": "58554000", "grossProfit": "88608000", "ebit": "-800000", "netIncome": "4074000", "researchAndDevelopment": "26381000", "effectOfAccountingCharges": "None", "incomeBeforeTax": "141000", "minorityInterest": "None", "sellingGeneralAdministrative": "63027000", "otherNonOperatingIncome": "None", "operatingIncome": "-800000", "otherOperatingExpense": "None", "interestExpense": "-941000", "taxProvision": "-3933000", "interestIncome": "941000", "netInterestIncome": "941000", "extraordinaryItems": "None", "nonRecurring": "None", "otherItems": "None", "incomeTaxExpense": "-3933000", "totalOtherIncomeExpense": "None", "discontinuedOperations": "None", "netIncomeFromContinuingOperations": "4074000", "netIncomeApplicableToCommonShares": "4074000", "preferredStockAndOtherAdjustments": "None"}, {"fiscalDateEnding": "2019-12-31", "reportedCurrency": "USD", "totalRevenue": "171851000", "totalOperatingExpense": "239518000", "costOfRevenue": "79211000", "grossProfit": "92640000", "ebit": "-14386000", "netIncome": "-12379000", "researchAndDevelopment": "75453000", "effectOfAccountingCharges": "None", "incomeBeforeTax": "-11900000", "minorityInterest": "None", "sellingGeneralAdministrative": "164065000", "otherNonOperatingIncome": "None", "operatingIncome": "-14386000", "otherOperatingExpense": "None", "interestExpense": "-2486000", "taxProvision": "479000", "interestIncome": "2486000", "netInterestIncome": "2486000", "extraordinaryItems": "None", "nonRecurring": "None", "otherItems": "None", "incomeTaxExpense": "479000", "totalOtherIncomeExpense": "1786000", "discontinuedOperations": "None", "netIncomeFromContinuingOperations": "-12379000", "netIncomeApplicableToCommonShares": "-12379000", "preferredStockAndOtherAdjustments": "None"}, {"fiscalDateEnding": "2019-09-30", "reportedCurrency": "USD", "totalRevenue": "130837000", "totalOperatingExpense": "73553000", "costOfRevenue": "50668000", "grossProfit": "80169000", "ebit": "6616000", "netIncome": "6104000", "researchAndDevelopment": "25129000", "effectOfAccountingCharges": "None", "incomeBeforeTax": "8436000", "minorityInterest": "None", "sellingGeneralAdministrative": "48424000", "otherNonOperatingIncome": "None", "operatingIncome": "6616000", "otherOperatingExpense": "None", "interestExpense": "-1820000", "taxProvision": "2332000", "interestIncome": "1820000", "netInterestIncome": "1820000", "extraordinaryItems": "None", "nonRecurring": "None", "otherItems": "None", "incomeTaxExpense": "2332000", "totalOtherIncomeExpense": "1120000", "discontinuedOperations": "None", "netIncomeFromContinuingOperations": "6104000", "netIncomeApplicableToCommonShares": "6104000", "preferredStockAndOtherAdjustments": "None"}, {"fiscalDateEnding": "2019-06-30", "reportedCurrency": "USD", "totalRevenue": "112362000", "totalOperatingExpense": "66855000", "costOfRevenue": "46802000", "grossProfit": "65560000", "ebit": "-1295000", "netIncome": "738000", "researchAndDevelopment": "23493000", "effectOfAccountingCharges": "None", "incomeBeforeTax": "550000", "minorityInterest": "None", "sellingGeneralAdministrative": "43362000", "otherNonOperatingIncome": "None", "operatingIncome": "-1295000", "otherOperatingExpense": "None", "interestExpense": "-1845000", "taxProvision": "-188000", "interestIncome": "1845000", "netInterestIncome": "1845000", "extraordinaryItems": "None", "nonRecurring": "None", "otherItems": "None", "incomeTaxExpense": "-188000", "totalOtherIncomeExpense": "545000", "discontinuedOperations": "None", "netIncomeFromContinuingOperations": "738000", "netIncomeApplicableToCommonShares": "738000", "preferredStockAndOtherAdjustments": "None"}, {"fiscalDateEnding": "2019-03-31", "reportedCurrency": "USD", "totalRevenue": "115810000", "totalOperatingExpense": "-66246000", "costOfRevenue": "46893000", "grossProfit": "68917000", "ebit": "2671000", "netIncome": "6419000", "researchAndDevelopment": "-23354000", "effectOfAccountingCharges": "None", "incomeBeforeTax": "4984000", "minorityInterest": "None", "sellingGeneralAdministrative": "-42892000", "otherNonOperatingIncome": "None", "operatingIncome": "2671000", "otherOperatingExpense": "None", "interestExpense": "-2313000", "taxProvision": "-1435000", "interestIncome": "2313000", "netInterestIncome": "2313000", "extraordinaryItems": "None", "nonRecurring": "None", "otherItems": "None", "incomeTaxExpense": "-1435000", "totalOtherIncomeExpense": "2313000", "discontinuedOperations": "None", "netIncomeFromContinuingOperations": "6419000", "netIncomeApplicableToCommonShares": "6419000", "preferredStockAndOtherAdjustments": "None"}, {"fiscalDateEnding": "2018-12-31", "reportedCurrency": "USD", "totalRevenue": "114791000", "totalOperatingExpense": "186687000", "costOfRevenue": "49445000", "grossProfit": "65346000", "ebit": "1993000", "netIncome": "2083000", "researchAndDevelopment": "65218000", "effectOfAccountingCharges": "0", "incomeBeforeTax": "3014000", "minorityInterest": "0", "sellingGeneralAdministrative": "121469000", "otherNonOperatingIncome": "None", "operatingIncome": "1993000", "otherOperatingExpense": "0", "interestExpense": "-1021000", "taxProvision": "None", "interestIncome": "None", "netInterestIncome": "None", "extraordinaryItems": "-300000", "nonRecurring": "0", "otherItems": "0", "incomeTaxExpense": "931000", "totalOtherIncomeExpense": "1021000", "discontinuedOperations": "0", "netIncomeFromContinuingOperations": "2083000", "netIncomeApplicableToCommonShares": "2083000", "preferredStockAndOtherAdjustments": "None"}, {"fiscalDateEnding": "2018-09-30", "reportedCurrency": "USD", "totalRevenue": "104836000", "totalOperatingExpense": "-61667000", "costOfRevenue": "39203000", "grossProfit": "65633000", "ebit": "3966000", "netIncome": "5711000", "researchAndDevelopment": "-21982000", "effectOfAccountingCharges": "0", "incomeBeforeTax": "5240000", "minorityInterest": "0", "sellingGeneralAdministrative": "-39685000", "otherNonOperatingIncome": "None", "operatingIncome": "3966000", "otherOperatingExpense": "0", "interestExpense": "-1274000", "taxProvision": "None", "interestIncome": "None", "netInterestIncome": "None", "extraordinaryItems": "0", "nonRecurring": "0", "otherItems": "0", "incomeTaxExpense": "-471000", "totalOtherIncomeExpense": "-726000", "discontinuedOperations": "0", "netIncomeFromContinuingOperations": "5711000", "netIncomeApplicableToCommonShares": "5711000", "preferredStockAndOtherAdjustments": "None"}, {"fiscalDateEnding": "2018-06-30", "reportedCurrency": "USD", "totalRevenue": "99226000", "totalOperatingExpense": "57844000", "costOfRevenue": "36083000", "grossProfit": "63143000", "ebit": "5299000", "netIncome": "8485000", "researchAndDevelopment": "18501000", "effectOfAccountingCharges": "0", "incomeBeforeTax": "5004000", "minorityInterest": "0", "sellingGeneralAdministrative": "39343000", "otherNonOperatingIncome": "None", "operatingIncome": "5299000", "otherOperatingExpense": "0", "interestExpense": "295000", "taxProvision": "None", "interestIncome": "None", "netInterestIncome": "None", "extraordinaryItems": "0", "nonRecurring": "0", "otherItems": "0", "incomeTaxExpense": "-3481000", "totalOtherIncomeExpense": "-295000", "discontinuedOperations": "0", "netIncomeFromContinuingOperations": "8485000", "netIncomeApplicableToCommonShares": "8485000", "preferredStockAndOtherAdjustments": "None"}, {"fiscalDateEnding": "2018-03-31", "reportedCurrency": "USD", "totalRevenue": "101215000", "totalOperatingExpense": "50878000", "costOfRevenue": "36754000", "grossProfit": "64461000", "ebit": "13583000", "netIncome": "12926000", "researchAndDevelopment": "15119000", "effectOfAccountingCharges": "0", "incomeBeforeTax": "14846000", "minorityInterest": "0", "sellingGeneralAdministrative": "35759000", "otherNonOperatingIncome": "None", "operatingIncome": "13583000", "otherOperatingExpense": "0", "interestExpense": "-1263000", "taxProvision": "None", "interestIncome": "None", "netInterestIncome": "None", "extraordinaryItems": "0", "nonRecurring": "0", "otherItems": "0", "incomeTaxExpense": "1920000", "totalOtherIncomeExpense": "1263000", "discontinuedOperations": "0", "netIncomeFromContinuingOperations": "12926000", "netIncomeApplicableToCommonShares": "12926000", "preferredStockAndOtherAdjustments": "None"}, {"fiscalDateEnding": "2017-12-31", "reportedCurrency": "USD", "totalRevenue": "94651000", "totalOperatingExpense": "55368000", "costOfRevenue": "31635000", "grossProfit": "63016000", "ebit": "7648000", "netIncome": "-2071000", "researchAndDevelopment": "15755000", "effectOfAccountingCharges": "0", "incomeBeforeTax": "7066000", "minorityInterest": "0", "sellingGeneralAdministrative": "39613000", "otherNonOperatingIncome": "None", "operatingIncome": "7648000", "otherOperatingExpense": "0", "interestExpense": "582000", "taxProvision": "None", "interestIncome": "None", "netInterestIncome": "None", "extraordinaryItems": "0", "nonRecurring": "0", "otherItems": "0", "incomeTaxExpense": "9137000", "totalOtherIncomeExpense": "1738000", "discontinuedOperations": "0", "netIncomeFromContinuingOperations": "-2071000", "netIncomeApplicableToCommonShares": "-2071000", "preferredStockAndOtherAdjustments": "None"}, {"fiscalDateEnding": "2017-09-30", "reportedCurrency": "USD", "totalRevenue": "90262000", "totalOperatingExpense": "50564000", "costOfRevenue": "40497000", "grossProfit": "49765000", "ebit": "-799000", "netIncome": "422000", "researchAndDevelopment": "14166000", "effectOfAccountingCharges": "0", "incomeBeforeTax": "631000", "minorityInterest": "0", "sellingGeneralAdministrative": "36398000", "otherNonOperatingIncome": "None", "operatingIncome": "-799000", "otherOperatingExpense": "0", "interestExpense": "-1430000", "taxProvision": "None", "interestIncome": "None", "netInterestIncome": "None", "extraordinaryItems": "0", "nonRecurring": "0", "otherItems": "0", "incomeTaxExpense": "209000", "totalOtherIncomeExpense": "0", "discontinuedOperations": "0", "netIncomeFromContinuingOperations": "422000", "netIncomeApplicableToCommonShares": "422000", "preferredStockAndOtherAdjustments": "None"}, {"fiscalDateEnding": "2017-06-30", "reportedCurrency": "USD", "totalRevenue": "79643000", "totalOperatingExpense": "44813000", "costOfRevenue": "34006000", "grossProfit": "45637000", "ebit": "824000", "netIncome": "2276000", "researchAndDevelopment": "12989000", "effectOfAccountingCharges": "0", "incomeBeforeTax": "2508000", "minorityInterest": "0", "sellingGeneralAdministrative": "31824000", "otherNonOperatingIncome": "None", "operatingIncome": "824000", "otherOperatingExpense": "0", "interestExpense": "-1684000", "taxProvision": "None", "interestIncome": "None", "netInterestIncome": "None", "extraordinaryItems": "0", "nonRecurring": "0", "otherItems": "0", "incomeTaxExpense": "232000", "totalOtherIncomeExpense": "0", "discontinuedOperations": "0", "netIncomeFromContinuingOperations": "2276000", "netIncomeApplicableToCommonShares": "2276000", "preferredStockAndOtherAdjustments": "None"}, {"fiscalDateEnding": "2017-03-31", "reportedCurrency": "USD", "totalRevenue": "79242000", "totalOperatingExpense": "43320000", "costOfRevenue": "30572000", "grossProfit": "48670000", "ebit": "5350000", "netIncome": "4580000", "researchAndDevelopment": "12463000", "effectOfAccountingCharges": "0", "incomeBeforeTax": "5556000", "minorityInterest": "0", "sellingGeneralAdministrative": "30857000", "otherNonOperatingIncome": "None", "operatingIncome": "5350000", "otherOperatingExpense": "0", "interestExpense": "-206000", "taxProvision": "None", "interestIncome": "None", "netInterestIncome": "None", "extraordinaryItems": "0", "nonRecurring": "0", "otherItems": "0", "incomeTaxExpense": "976000", "totalOtherIncomeExpense": "0", "discontinuedOperations": "0", "netIncomeFromContinuingOperations": "4580000", "netIncomeApplicableToCommonShares": "4580000", "preferredStockAndOtherAdjustments": "None"}, {"fiscalDateEnding": "2016-12-31", "reportedCurrency": "USD", "totalRevenue": "82077000", "totalOperatingExpense": "40357000", "costOfRevenue": "32307000", "grossProfit": "49770000", "ebit": "9413000", "netIncome": "6341000", "researchAndDevelopment": "9614000", "effectOfAccountingCharges": "0", "incomeBeforeTax": "9519000", "minorityInterest": "0", "sellingGeneralAdministrative": "30743000", "otherNonOperatingIncome": "None", "operatingIncome": "9413000", "otherOperatingExpense": "0", "interestExpense": "-106000", "taxProvision": "None", "interestIncome": "None", "netInterestIncome": "None", "extraordinaryItems": "0", "nonRecurring": "0", "otherItems": "0", "incomeTaxExpense": "3178000", "totalOtherIncomeExpense": "-2354000", "discontinuedOperations": "0", "netIncomeFromContinuingOperations": "6341000", "netIncomeApplicableToCommonShares": "6341000", "preferredStockAndOtherAdjustments": "None"}, {"fiscalDateEnding": "2016-09-30", "reportedCurrency": "USD", "totalRevenue": "71882000", "totalOperatingExpense": "35479000", "costOfRevenue": "25317000", "grossProfit": "46565000", "ebit": "11086000", "netIncome": "3843000", "researchAndDevelopment": "7358000", "effectOfAccountingCharges": "0", "incomeBeforeTax": "10631000", "minorityInterest": "0", "sellingGeneralAdministrative": "28121000", "otherNonOperatingIncome": "None", "operatingIncome": "11086000", "otherOperatingExpense": "0", "interestExpense": "455000", "taxProvision": "None", "interestIncome": "None", "netInterestIncome": "None", "extraordinaryItems": "0", "nonRecurring": "0", "otherItems": "0", "incomeTaxExpense": "6788000", "totalOtherIncomeExpense": "0", "discontinuedOperations": "0", "netIncomeFromContinuingOperations": "3843000", "netIncomeApplicableToCommonShares": "3843000", "preferredStockAndOtherAdjustments": "None"}, {"fiscalDateEnding": "2016-06-30", "reportedCurrency": "USD", "totalRevenue": "58756000", "totalOperatingExpense": "31089000", "costOfRevenue": "20515000", "grossProfit": "37299000", "ebit": "6210000", "netIncome": "3650000", "researchAndDevelopment": "6710000", "effectOfAccountingCharges": "0", "incomeBeforeTax": "6087000", "minorityInterest": "0", "sellingGeneralAdministrative": "24379000", "otherNonOperatingIncome": "None", "operatingIncome": "6210000", "otherOperatingExpense": "0", "interestExpense": "123000", "taxProvision": "None", "interestIncome": "None", "netInterestIncome": "None", "extraordinaryItems": "0", "nonRecurring": "0", "otherItems": "0", "incomeTaxExpense": "2437000", "totalOtherIncomeExpense": "0", "discontinuedOperations": "0", "netIncomeFromContinuingOperations": "3650000", "netIncomeApplicableToCommonShares": "3650000", "preferredStockAndOtherAdjustments": "None"}, {"fiscalDateEnding": "2016-03-31", "reportedCurrency": "USD", "totalRevenue": "55530000", "totalOperatingExpense": "31760000", "costOfRevenue": "18628000", "grossProfit": "36902000", "ebit": "5142000", "netIncome": "3463000", "researchAndDevelopment": "6927000", "effectOfAccountingCharges": "0", "incomeBeforeTax": "5260000", "minorityInterest": "0", "sellingGeneralAdministrative": "24833000", "otherNonOperatingIncome": "None", "operatingIncome": "5142000", "otherOperatingExpense": "0", "interestExpense": "-118000", "taxProvision": "None", "interestIncome": "None", "netInterestIncome": "None", "extraordinaryItems": "0", "nonRecurring": "0", "otherItems": "0", "incomeTaxExpense": "1797000", "totalOtherIncomeExpense": "0", "discontinuedOperations": "0", "netIncomeFromContinuingOperations": "3463000", "netIncomeApplicableToCommonShares": "3463000", "preferredStockAndOtherAdjustments": "None"}, {"fiscalDateEnding": "2015-12-31", "reportedCurrency": "USD", "totalRevenue": "56041000", "totalOperatingExpense": "28478000", "costOfRevenue": "19053000", "grossProfit": "36988000", "ebit": "8510000", "netIncome": "5104000", "researchAndDevelopment": "6622000", "effectOfAccountingCharges": "0", "incomeBeforeTax": "8524000", "minorityInterest": "0", "sellingGeneralAdministrative": "21856000", "otherNonOperatingIncome": "None", "operatingIncome": "8510000", "otherOperatingExpense": "0", "interestExpense": "-14000", "taxProvision": "None", "interestIncome": "None", "netInterestIncome": "None", "extraordinaryItems": "0", "nonRecurring": "0", "otherItems": "0", "incomeTaxExpense": "3420000", "totalOtherIncomeExpense": "26000", "discontinuedOperations": "0", "netIncomeFromContinuingOperations": "5104000", "netIncomeApplicableToCommonShares": "5104000", "preferredStockAndOtherAdjustments": "None"}, {"fiscalDateEnding": "2015-09-30", "reportedCurrency": "USD", "totalRevenue": "50376000", "totalOperatingExpense": "24362000", "costOfRevenue": "19308000", "grossProfit": "31068000", "ebit": "6706000", "netIncome": "1521000", "researchAndDevelopment": "6528000", "effectOfAccountingCharges": "0", "incomeBeforeTax": "6684000", "minorityInterest": "0", "sellingGeneralAdministrative": "17834000", "otherNonOperatingIncome": "None", "operatingIncome": "6706000", "otherOperatingExpense": "0", "interestExpense": "22000", "taxProvision": "None", "interestIncome": "None", "netInterestIncome": "None", "extraordinaryItems": "0", "nonRecurring": "0", "otherItems": "0", "incomeTaxExpense": "5163000", "totalOtherIncomeExpense": "0", "discontinuedOperations": "0", "netIncomeFromContinuingOperations": "1521000", "netIncomeApplicableToCommonShares": "1521000", "preferredStockAndOtherAdjustments": "None"}, {"fiscalDateEnding": "2015-06-30", "reportedCurrency": "USD", "totalRevenue": "46713000", "totalOperatingExpense": "21349000", "costOfRevenue": "15990000", "grossProfit": "30723000", "ebit": "9374000", "netIncome": "6103000", "researchAndDevelopment": "5906000", "effectOfAccountingCharges": "0", "incomeBeforeTax": "9473000", "minorityInterest": "0", "sellingGeneralAdministrative": "15443000", "otherNonOperatingIncome": "None", "operatingIncome": "9374000", "otherOperatingExpense": "0", "interestExpense": "-99000", "taxProvision": "None", "interestIncome": "None", "netInterestIncome": "None", "extraordinaryItems": "0", "nonRecurring": "0", "otherItems": "0", "incomeTaxExpense": "3370000", "totalOtherIncomeExpense": "0", "discontinuedOperations": "0", "netIncomeFromContinuingOperations": "6103000", "netIncomeApplicableToCommonShares": "6103000", "preferredStockAndOtherAdjustments": "None"}]}