{"symbol": "ABB", "annualReports": [{"fiscalDateEnding": "2019-12-31", "reportedCurrency": "USD", "totalRevenue": "27978000000", "totalOperatingExpense": "25717000000", "costOfRevenue": "19072000000", "grossProfit": "8906000000", "ebit": "3038000000", "netIncome": "1439000000", "researchAndDevelopment": "1198000000", "effectOfAccountingCharges": "None", "incomeBeforeTax": "1862000000", "minorityInterest": "454000000", "sellingGeneralAdministrative": "5447000000", "otherNonOperatingIncome": "None", "operatingIncome": "2261000000", "otherOperatingExpense": "-49000000", "interestExpense": "215000000", "taxProvision": "772000000", "interestIncome": "67000000", "netInterestIncome": "-148000000", "extraordinaryItems": "396000000", "nonRecurring": "None", "otherItems": "None", "incomeTaxExpense": "772000000", "totalOtherIncomeExpense": "-251000000", "discontinuedOperations": "438000000", "netIncomeFromContinuingOperations": "1090000000", "netIncomeApplicableToCommonShares": "1439000000", "preferredStockAndOtherAdjustments": "None"}, {"fiscalDateEnding": "2018-12-31", "reportedCurrency": "USD", "totalRevenue": "27662000000", "totalOperatingExpense": "25560000000", "costOfRevenue": "19118000000", "grossProfit": "8544000000", "ebit": "3297000000", "netIncome": "2173000000", "researchAndDevelopment": "1147000000", "effectOfAccountingCharges": "None", "incomeBeforeTax": "2119000000", "minorityInterest": "582000000", "sellingGeneralAdministrative": "5295000000", "otherNonOperatingIncome": "None", "operatingIncome": "2102000000", "otherOperatingExpense": "-49000000", "interestExpense": "262000000", "taxProvision": "544000000", "interestIncome": "72000000", "netInterestIncome": "-190000000", "extraordinaryItems": "723000000", "nonRecurring": "None", "otherItems": "None", "incomeTaxExpense": "544000000", "totalOtherIncomeExpense": "207000000", "discontinuedOperations": "723000000", "netIncomeFromContinuingOperations": "1575000000", "netIncomeApplicableToCommonShares": "2173000000", "preferredStockAndOtherAdjustments": "None"}, {"fiscalDateEnding": "2017-12-31", "reportedCurrency": "USD", "totalRevenue": "34312000000", "totalOperatingExpense": "31018000000", "costOfRevenue": "24046000000", "grossProfit": "10266000000", "ebit": "4609000000", "netIncome": "2213000000", "researchAndDevelopment": "1365000000", "effectOfAccountingCharges": "None", "incomeBeforeTax": "3231000000", "minorityInterest": "530000000", "sellingGeneralAdministrative": "5607000000", "otherNonOperatingIncome": "None", "operatingIncome": "3294000000", "otherOperatingExpense": "-49000000", "interestExpense": "277000000", "taxProvision": "860000000", "interestIncome": "74000000", "netInterestIncome": "-203000000", "extraordinaryItems": "850000000", "nonRecurring": "None", "otherItems": "None", "incomeTaxExpense": "583000000", "totalOtherIncomeExpense": "140000000", "discontinuedOperations": "846000000", "netIncomeFromContinuingOperations": "2371000000", "netIncomeApplicableToCommonShares": "2213000000", "preferredStockAndOtherAdjustments": "None"}, {"fiscalDateEnding": "2016-12-31", "reportedCurrency": "USD", "totalRevenue": "33828000000", "totalOperatingExpense": "30730000000", "costOfRevenue": "24081000000", "grossProfit": "9747000000", "ebit": "4195000000", "netIncome": "1899000000", "researchAndDevelopment": "1300000000", "effectOfAccountingCharges": "None", "incomeBeforeTax": "2799000000", "minorityInterest": "502000000", "sellingGeneralAdministrative": "5349000000", "otherNonOperatingIncome": "None", "operatingIncome": "3098000000", "otherOperatingExpense": "-49000000", "interestExpense": "261000000", "taxProvision": "781000000", "interestIncome": "73000000", "netInterestIncome": "-188000000", "extraordinaryItems": "799000000", "nonRecurring": "None", "otherItems": "None", "incomeTaxExpense": "526000000", "totalOtherIncomeExpense": "-111000000", "discontinuedOperations": "799000000", "netIncomeFromContinuingOperations": "2018000000", "netIncomeApplicableToCommonShares": "1899000000", "preferredStockAndOtherAdjustments": "None"}, {"fiscalDateEnding": "2015-12-31", "reportedCurrency": "USD", "totalRevenue": "35481000000", "totalOperatingExpense": "31818000000", "costOfRevenue": "25347000000", "grossProfit": "10134000000", "ebit": "3663000000", "netIncome": "1933000000", "researchAndDevelopment": "1368000000", "effectOfAccountingCharges": "None", "incomeBeforeTax": "2840000000", "minorityInterest": "507000000", "sellingGeneralAdministrative": "5587000000", "otherNonOperatingIncome": "None", "operatingIncome": "3049000000", "otherOperatingExpense": "-124000000", "interestExpense": "-2000000", "taxProvision": "788000000", "interestIncome": "-209000000", "netInterestIncome": "None", "extraordinaryItems": "3000000", "nonRecurring": "None", "otherItems": "None", "incomeTaxExpense": "788000000", "totalOtherIncomeExpense": "-823000000", "discontinuedOperations": "3000000", "netIncomeFromContinuingOperations": "2052000000", "netIncomeApplicableToCommonShares": "1933000000", "preferredStockAndOtherAdjustments": "None"}], "quarterlyReports": [{"fiscalDateEnding": "2020-06-30", "reportedCurrency": "USD", "totalRevenue": "6154000000", "totalOperatingExpense": "5583000000", "costOfRevenue": "4167000000", "grossProfit": "1987000000", "ebit": "843000000", "netIncome": "319000000", "researchAndDevelopment": "262000000", "effectOfAccountingCharges": "None", "incomeBeforeTax": "525000000", "minorityInterest": "419000000", "sellingGeneralAdministrative": "1180000000", "otherNonOperatingIncome": "None", "operatingIncome": "571000000", "otherOperatingExpense": "-1000000", "interestExpense": "90000000", "taxProvision": "130000000", "interestIncome": "9000000", "netInterestIncome": "-81000000", "extraordinaryItems": "-59000000", "nonRecurring": "None", "otherItems": "None", "incomeTaxExpense": "130000000", "totalOtherIncomeExpense": "35000000", "discontinuedOperations": "-49000000", "netIncomeFromContinuingOperations": "395000000", "netIncomeApplicableToCommonShares": "319000000", "preferredStockAndOtherAdjustments": "None"}, {"fiscalDateEnding": "2020-03-31", "reportedCurrency": "USD", "totalRevenue": "6216000000", "totalOperatingExpense": "5843000000", "costOfRevenue": "4306000000", "grossProfit": "1910000000", "ebit": "654000000", "netIncome": "376000000", "researchAndDevelopment": "259000000", "effectOfAccountingCharges": "None", "incomeBeforeTax": "405000000", "minorityInterest": "462000000", "sellingGeneralAdministrative": "1252000000", "otherNonOperatingIncome": "None", "operatingIncome": "373000000", "otherOperatingExpense": "-88000000", "interestExpense": "22000000", "taxProvision": "79000000", "interestIncome": "18000000", "netInterestIncome": "-4000000", "extraordinaryItems": "51000000", "nonRecurring": "None", "otherItems": "None", "incomeTaxExpense": "79000000", "totalOtherIncomeExpense": "36000000", "discontinuedOperations": "54000000", "netIncomeFromContinuingOperations": "326000000", "netIncomeApplicableToCommonShares": "376000000", "preferredStockAndOtherAdjustments": "None"}, {"fiscalDateEnding": "2019-12-31", "reportedCurrency": "USD", "totalRevenue": "7068000000", "totalOperatingExpense": "6097000000", "costOfRevenue": "4861000000", "grossProfit": "2207000000", "ebit": "909000000", "netIncome": "325000000", "researchAndDevelopment": "332000000", "effectOfAccountingCharges": "None", "incomeBeforeTax": "627000000", "minorityInterest": "454000000", "sellingGeneralAdministrative": "1365000000", "otherNonOperatingIncome": "None", "operatingIncome": "971000000", "otherOperatingExpense": "-405000000", "interestExpense": "36000000", "taxProvision": "320000000", "interestIncome": "10000000", "netInterestIncome": "-26000000", "extraordinaryItems": "34000000", "nonRecurring": "None", "otherItems": "None", "incomeTaxExpense": "320000000", "totalOtherIncomeExpense": "-318000000", "discontinuedOperations": "50000000", "netIncomeFromContinuingOperations": "307000000", "netIncomeApplicableToCommonShares": "325000000", "preferredStockAndOtherAdjustments": "None"}, {"fiscalDateEnding": "2019-09-30", "reportedCurrency": "USD", "totalRevenue": "6892000000", "totalOperatingExpense": "6315000000", "costOfRevenue": "4702000000", "grossProfit": "2190000000", "ebit": "855000000", "netIncome": "515000000", "researchAndDevelopment": "283000000", "effectOfAccountingCharges": "None", "incomeBeforeTax": "564000000", "minorityInterest": "483000000", "sellingGeneralAdministrative": "1298000000", "otherNonOperatingIncome": "None", "operatingIncome": "577000000", "otherOperatingExpense": "9000000", "interestExpense": "56000000", "taxProvision": "142000000", "interestIncome": "20000000", "netInterestIncome": "-36000000", "extraordinaryItems": "88000000", "nonRecurring": "None", "otherItems": "None", "incomeTaxExpense": "142000000", "totalOtherIncomeExpense": "23000000", "discontinuedOperations": "97000000", "netIncomeFromContinuingOperations": "422000000", "netIncomeApplicableToCommonShares": "515000000", "preferredStockAndOtherAdjustments": "None"}, {"fiscalDateEnding": "2019-06-30", "reportedCurrency": "USD", "totalRevenue": "7171000000", "totalOperatingExpense": "7048000000", "costOfRevenue": "4871000000", "grossProfit": "2300000000", "ebit": "411000000", "netIncome": "64000000", "researchAndDevelopment": "298000000", "effectOfAccountingCharges": "None", "incomeBeforeTax": "101000000", "minorityInterest": "483000000", "sellingGeneralAdministrative": "1429000000", "otherNonOperatingIncome": "None", "operatingIncome": "123000000", "otherOperatingExpense": "-21000000", "interestExpense": "61000000", "taxProvision": "155000000", "interestIncome": "18000000", "netInterestIncome": "-43000000", "extraordinaryItems": "136000000", "nonRecurring": "None", "otherItems": "None", "incomeTaxExpense": "155000000", "totalOtherIncomeExpense": "21000000", "discontinuedOperations": "142000000", "netIncomeFromContinuingOperations": "-54000000", "netIncomeApplicableToCommonShares": "64000000", "preferredStockAndOtherAdjustments": "None"}, {"fiscalDateEnding": "2019-03-31", "reportedCurrency": "USD", "totalRevenue": "6847000000", "totalOperatingExpense": "6278000000", "costOfRevenue": "4638000000", "grossProfit": "2209000000", "ebit": "863000000", "netIncome": "535000000", "researchAndDevelopment": "285000000", "effectOfAccountingCharges": "None", "incomeBeforeTax": "570000000", "minorityInterest": "607000000", "sellingGeneralAdministrative": "1355000000", "otherNonOperatingIncome": "None", "operatingIncome": "569000000", "otherOperatingExpense": "-39000000", "interestExpense": "62000000", "taxProvision": "155000000", "interestIncome": "19000000", "netInterestIncome": "-43000000", "extraordinaryItems": "149000000", "nonRecurring": "None", "otherItems": "None", "incomeTaxExpense": "155000000", "totalOtherIncomeExpense": "44000000", "discontinuedOperations": "149000000", "netIncomeFromContinuingOperations": "415000000", "netIncomeApplicableToCommonShares": "535000000", "preferredStockAndOtherAdjustments": "None"}, {"fiscalDateEnding": "2018-12-31", "reportedCurrency": "USD", "totalRevenue": "7395000000", "totalOperatingExpense": "6980000000", "costOfRevenue": "5259000000", "grossProfit": "2136000000", "ebit": "415000000", "netIncome": "317000000", "researchAndDevelopment": "326000000", "effectOfAccountingCharges": "0", "incomeBeforeTax": "226000000", "minorityInterest": "582000000", "sellingGeneralAdministrative": "1396000000", "otherNonOperatingIncome": "None", "operatingIncome": "415000000", "otherOperatingExpense": "-1000000", "interestExpense": "-82000000", "taxProvision": "None", "interestIncome": "None", "netInterestIncome": "None", "extraordinaryItems": "135000000", "nonRecurring": "0", "otherItems": "0", "incomeTaxExpense": "16000000", "totalOtherIncomeExpense": "-189000000", "discontinuedOperations": "135000000", "netIncomeFromContinuingOperations": "210000000", "netIncomeApplicableToCommonShares": "317000000", "preferredStockAndOtherAdjustments": "None"}, {"fiscalDateEnding": "2018-09-30", "reportedCurrency": "USD", "totalRevenue": "9257000000", "totalOperatingExpense": "8386000000", "costOfRevenue": "6590000000", "grossProfit": "2667000000", "ebit": "871000000", "netIncome": "603000000", "researchAndDevelopment": "328000000", "effectOfAccountingCharges": "0", "incomeBeforeTax": "859000000", "minorityInterest": "546000000", "sellingGeneralAdministrative": "1524000000", "otherNonOperatingIncome": "None", "operatingIncome": "871000000", "otherOperatingExpense": "-56000000", "interestExpense": "-73000000", "taxProvision": "None", "interestIncome": "None", "netInterestIncome": "None", "extraordinaryItems": "0", "nonRecurring": "0", "otherItems": "0", "incomeTaxExpense": "223000000", "totalOtherIncomeExpense": "-12000000", "discontinuedOperations": "135000000", "netIncomeFromContinuingOperations": "636000000", "netIncomeApplicableToCommonShares": "603000000", "preferredStockAndOtherAdjustments": "None"}, {"fiscalDateEnding": "2018-06-30", "reportedCurrency": "USD", "totalRevenue": "8889000000", "totalOperatingExpense": "7890000000", "costOfRevenue": "6160000000", "grossProfit": "2729000000", "ebit": "999000000", "netIncome": "681000000", "researchAndDevelopment": "346000000", "effectOfAccountingCharges": "0", "incomeBeforeTax": "973000000", "minorityInterest": "553000000", "sellingGeneralAdministrative": "1404000000", "otherNonOperatingIncome": "None", "operatingIncome": "999000000", "otherOperatingExpense": "-20000000", "interestExpense": "-62000000", "taxProvision": "None", "interestIncome": "None", "netInterestIncome": "None", "extraordinaryItems": "0", "nonRecurring": "0", "otherItems": "0", "incomeTaxExpense": "264000000", "totalOtherIncomeExpense": "-26000000", "discontinuedOperations": "8000000", "netIncomeFromContinuingOperations": "709000000", "netIncomeApplicableToCommonShares": "681000000", "preferredStockAndOtherAdjustments": "None"}, {"fiscalDateEnding": "2018-03-31", "reportedCurrency": "USD", "totalRevenue": "8627000000", "totalOperatingExpense": "7702000000", "costOfRevenue": "5634000000", "grossProfit": "2708000000", "ebit": "925000000", "netIncome": "572000000", "researchAndDevelopment": "353000000", "effectOfAccountingCharges": "0", "incomeBeforeTax": "840000000", "minorityInterest": "28000000", "sellingGeneralAdministrative": "1823000000", "otherNonOperatingIncome": "None", "operatingIncome": "885000000", "otherOperatingExpense": "-10000000", "interestExpense": "108000000", "taxProvision": "None", "interestIncome": "None", "netInterestIncome": "None", "extraordinaryItems": "0", "nonRecurring": "0", "otherItems": "0", "incomeTaxExpense": "235000000", "totalOtherIncomeExpense": "-85000000", "discontinuedOperations": "-5000000", "netIncomeFromContinuingOperations": "605000000", "netIncomeApplicableToCommonShares": "577000000", "preferredStockAndOtherAdjustments": "None"}, {"fiscalDateEnding": "2017-12-31", "reportedCurrency": "USD", "totalRevenue": "9280000000", "totalOperatingExpense": "23206000000", "costOfRevenue": "6362000000", "grossProfit": "8088000000", "ebit": "2320000000", "netIncome": "393000000", "researchAndDevelopment": "398000000", "effectOfAccountingCharges": "0", "incomeBeforeTax": "581000000", "minorityInterest": "30000000", "sellingGeneralAdministrative": "1931000000", "otherNonOperatingIncome": "None", "operatingIncome": "694000000", "otherOperatingExpense": "-161000000", "interestExpense": "50000000", "taxProvision": "None", "interestIncome": "None", "netInterestIncome": "None", "extraordinaryItems": "0", "nonRecurring": "0", "otherItems": "0", "incomeTaxExpense": "158000000", "totalOtherIncomeExpense": "-384000000", "discontinuedOperations": "855000000", "netIncomeFromContinuingOperations": "1311000000", "netIncomeApplicableToCommonShares": "393000000", "preferredStockAndOtherAdjustments": "None"}, {"fiscalDateEnding": "2017-09-30", "reportedCurrency": "USD", "totalRevenue": "8724000000", "totalOperatingExpense": "6575000000", "costOfRevenue": "5781000000", "grossProfit": "1986000000", "ebit": "349000000", "netIncome": "571000000", "researchAndDevelopment": "358000000", "effectOfAccountingCharges": "0", "incomeBeforeTax": "854000000", "minorityInterest": "32000000", "sellingGeneralAdministrative": "1760000000", "otherNonOperatingIncome": "None", "operatingIncome": "896000000", "otherOperatingExpense": "164000000", "interestExpense": "74000000", "taxProvision": "None", "interestIncome": "None", "netInterestIncome": "None", "extraordinaryItems": "0", "nonRecurring": "0", "otherItems": "0", "incomeTaxExpense": "246000000", "totalOtherIncomeExpense": "925000000", "discontinuedOperations": "-14000000", "netIncomeFromContinuingOperations": "1148000000", "netIncomeApplicableToCommonShares": "576000000", "preferredStockAndOtherAdjustments": "None"}, {"fiscalDateEnding": "2017-06-30", "reportedCurrency": "USD", "totalRevenue": "8454000000", "totalOperatingExpense": "-13885000000", "costOfRevenue": "5601000000", "grossProfit": "-4529000000", "ebit": "-1223000000", "netIncome": "525000000", "researchAndDevelopment": "319000000", "effectOfAccountingCharges": "0", "incomeBeforeTax": "828000000", "minorityInterest": "56000000", "sellingGeneralAdministrative": "1689000000", "otherNonOperatingIncome": "None", "operatingIncome": "906000000", "otherOperatingExpense": "-201000000", "interestExpense": "74000000", "taxProvision": "None", "interestIncome": "None", "netInterestIncome": "None", "extraordinaryItems": "0", "nonRecurring": "0", "otherItems": "0", "incomeTaxExpense": "248000000", "totalOtherIncomeExpense": "-853000000", "discontinuedOperations": "7000000", "netIncomeFromContinuingOperations": "-1700000000", "netIncomeApplicableToCommonShares": "524000000", "preferredStockAndOtherAdjustments": "None"}, {"fiscalDateEnding": "2017-03-31", "reportedCurrency": "USD", "totalRevenue": "7854000000", "totalOperatingExpense": "7157000000", "costOfRevenue": "5223000000", "grossProfit": "2373000000", "ebit": "697000000", "netIncome": "724000000", "researchAndDevelopment": "291000000", "effectOfAccountingCharges": "0", "incomeBeforeTax": "968000000", "minorityInterest": "34000000", "sellingGeneralAdministrative": "1604000000", "otherNonOperatingIncome": "None", "operatingIncome": "764000000", "otherOperatingExpense": "74000000", "interestExpense": "79000000", "taxProvision": "None", "interestIncome": "None", "netInterestIncome": "None", "extraordinaryItems": "0", "nonRecurring": "0", "otherItems": "0", "incomeTaxExpense": "208000000", "totalOtherIncomeExpense": "271000000", "discontinuedOperations": "-2000000", "netIncomeFromContinuingOperations": "760000000", "netIncomeApplicableToCommonShares": "726000000", "preferredStockAndOtherAdjustments": "None"}, {"fiscalDateEnding": "2016-12-31", "reportedCurrency": "USD", "totalRevenue": "8993000000", "totalOperatingExpense": "15346000000", "costOfRevenue": "6196000000", "grossProfit": "5220000000", "ebit": "1328000000", "netIncome": "425000000", "researchAndDevelopment": "349000000", "effectOfAccountingCharges": "0", "incomeBeforeTax": "666000000", "minorityInterest": "49000000", "sellingGeneralAdministrative": "1743000000", "otherNonOperatingIncome": "None", "operatingIncome": "772000000", "otherOperatingExpense": "-124000000", "interestExpense": "31000000", "taxProvision": "None", "interestIncome": "None", "netInterestIncome": "None", "extraordinaryItems": "0", "nonRecurring": "0", "otherItems": "0", "incomeTaxExpense": "194000000", "totalOtherIncomeExpense": "-406000000", "discontinuedOperations": "783000000", "netIncomeFromContinuingOperations": "1235000000", "netIncomeApplicableToCommonShares": "423000000", "preferredStockAndOtherAdjustments": "None"}, {"fiscalDateEnding": "2016-09-30", "reportedCurrency": "USD", "totalRevenue": "8255000000", "totalOperatingExpense": "-344000000", "costOfRevenue": "5510000000", "grossProfit": "-136000000", "ebit": "-78000000", "netIncome": "568000000", "researchAndDevelopment": "303000000", "effectOfAccountingCharges": "0", "incomeBeforeTax": "810000000", "minorityInterest": "21000000", "sellingGeneralAdministrative": "1583000000", "otherNonOperatingIncome": "None", "operatingIncome": "876000000", "otherOperatingExpense": "0", "interestExpense": "84000000", "taxProvision": "None", "interestIncome": "None", "netInterestIncome": "None", "extraordinaryItems": "0", "nonRecurring": "0", "otherItems": "0", "incomeTaxExpense": "237000000", "totalOtherIncomeExpense": "0", "discontinuedOperations": "17000000", "netIncomeFromContinuingOperations": "0", "netIncomeApplicableToCommonShares": "552000000", "preferredStockAndOtherAdjustments": "None"}, {"fiscalDateEnding": "2016-06-30", "reportedCurrency": "USD", "totalRevenue": "8677000000", "totalOperatingExpense": "7760000000", "costOfRevenue": "5975000000", "grossProfit": "2575000000", "ebit": "917000000", "netIncome": "406000000", "researchAndDevelopment": "343000000", "effectOfAccountingCharges": "0", "incomeBeforeTax": "593000000", "minorityInterest": "37000000", "sellingGeneralAdministrative": "1748000000", "otherNonOperatingIncome": "None", "operatingIncome": "667000000", "otherOperatingExpense": "0", "interestExpense": "74000000", "taxProvision": "None", "interestIncome": "None", "netInterestIncome": "None", "extraordinaryItems": "0", "nonRecurring": "0", "otherItems": "0", "incomeTaxExpense": "149000000", "totalOtherIncomeExpense": "0", "discontinuedOperations": "-1000000", "netIncomeFromContinuingOperations": "0", "netIncomeApplicableToCommonShares": "407000000", "preferredStockAndOtherAdjustments": "None"}, {"fiscalDateEnding": "2016-03-31", "reportedCurrency": "USD", "totalRevenue": "7903000000", "totalOperatingExpense": "0", "costOfRevenue": "5265000000", "grossProfit": "0", "ebit": "0", "netIncome": "500000000", "researchAndDevelopment": "305000000", "effectOfAccountingCharges": "0", "incomeBeforeTax": "730000000", "minorityInterest": "28000000", "sellingGeneralAdministrative": "1575000000", "otherNonOperatingIncome": "None", "operatingIncome": "783000000", "otherOperatingExpense": "0", "interestExpense": "72000000", "taxProvision": "None", "interestIncome": "None", "netInterestIncome": "None", "extraordinaryItems": "0", "nonRecurring": "0", "otherItems": "0", "incomeTaxExpense": "201000000", "totalOtherIncomeExpense": "0", "discontinuedOperations": "0", "netIncomeFromContinuingOperations": "0", "netIncomeApplicableToCommonShares": "501000000", "preferredStockAndOtherAdjustments": "None"}, {"fiscalDateEnding": "2015-12-31", "reportedCurrency": "USD", "totalRevenue": "9242000000", "totalOperatingExpense": "31818000000", "costOfRevenue": "6559000000", "grossProfit": "10418000000", "ebit": "3663000000", "netIncome": "204000000", "researchAndDevelopment": "408000000", "effectOfAccountingCharges": "0", "incomeBeforeTax": "305000000", "minorityInterest": "36000000", "sellingGeneralAdministrative": "1988000000", "otherNonOperatingIncome": "None", "operatingIncome": "407000000", "otherOperatingExpense": "-124000000", "interestExpense": "63000000", "taxProvision": "None", "interestIncome": "None", "netInterestIncome": "None", "extraordinaryItems": "0", "nonRecurring": "0", "otherItems": "0", "incomeTaxExpense": "66000000", "totalOtherIncomeExpense": "-823000000", "discontinuedOperations": "3000000", "netIncomeFromContinuingOperations": "2052000000", "netIncomeApplicableToCommonShares": "203000000", "preferredStockAndOtherAdjustments": "None"}, {"fiscalDateEnding": "2015-09-30", "reportedCurrency": "USD", "totalRevenue": "8519000000", "totalOperatingExpense": "0", "costOfRevenue": "5717000000", "grossProfit": "0", "ebit": "0", "netIncome": "577000000", "researchAndDevelopment": "322000000", "effectOfAccountingCharges": "0", "incomeBeforeTax": "836000000", "minorityInterest": "30000000", "sellingGeneralAdministrative": "1629000000", "otherNonOperatingIncome": "None", "operatingIncome": "889000000", "otherOperatingExpense": "0", "interestExpense": "64000000", "taxProvision": "None", "interestIncome": "None", "netInterestIncome": "None", "extraordinaryItems": "0", "nonRecurring": "0", "otherItems": "0", "incomeTaxExpense": "229000000", "totalOtherIncomeExpense": "0", "discontinuedOperations": "0", "netIncomeFromContinuingOperations": "0", "netIncomeApplicableToCommonShares": "577000000", "preferredStockAndOtherAdjustments": "None"}, {"fiscalDateEnding": "2015-06-30", "reportedCurrency": "USD", "totalRevenue": "9165000000", "totalOperatingExpense": "0", "costOfRevenue": "6152000000", "grossProfit": "0", "ebit": "0", "netIncome": "588000000", "researchAndDevelopment": "346000000", "effectOfAccountingCharges": "0", "incomeBeforeTax": "892000000", "minorityInterest": "39000000", "sellingGeneralAdministrative": "1724000000", "otherNonOperatingIncome": "None", "operatingIncome": "996000000", "otherOperatingExpense": "0", "interestExpense": "88000000", "taxProvision": "None", "interestIncome": "None", "netInterestIncome": "None", "extraordinaryItems": "0", "nonRecurring": "0", "otherItems": "0", "incomeTaxExpense": "263000000", "totalOtherIncomeExpense": "0", "discontinuedOperations": "0", "netIncomeFromContinuingOperations": "0", "netIncomeApplicableToCommonShares": "590000000", "preferredStockAndOtherAdjustments": "None"}]}