{"symbol": "ABBV", "annualReports": [{"fiscalDateEnding": "2019-12-31", "reportedCurrency": "USD", "totalRevenue": "33266000000", "totalOperatingExpense": "12844000000", "costOfRevenue": "7439000000", "grossProfit": "25827000000", "ebit": "9935000000", "netIncome": "7882000000", "researchAndDevelopment": "6407000000", "effectOfAccountingCharges": "None", "incomeBeforeTax": "8426000000", "minorityInterest": "None", "sellingGeneralAdministrative": "6942000000", "otherNonOperatingIncome": "-3048000000", "operatingIncome": "12983000000", "otherOperatingExpense": "-890000000", "interestExpense": "1509000000", "taxProvision": "544000000", "interestIncome": "275000000", "netInterestIncome": "-1509000000", "extraordinaryItems": "None", "nonRecurring": "385000000", "otherItems": "None", "incomeTaxExpense": "544000000", "totalOtherIncomeExpense": "-3048000000", "discontinuedOperations": "None", "netIncomeFromContinuingOperations": "7882000000", "netIncomeApplicableToCommonShares": "7882000000", "preferredStockAndOtherAdjustments": "None"}, {"fiscalDateEnding": "2018-12-31", "reportedCurrency": "USD", "totalRevenue": "32753000000", "totalOperatingExpense": "18652000000", "costOfRevenue": "7718000000", "grossProfit": "25035000000", "ebit": "6341000000", "netIncome": "5687000000", "researchAndDevelopment": "10329000000", "effectOfAccountingCharges": "None", "incomeBeforeTax": "5197000000", "minorityInterest": "None", "sellingGeneralAdministrative": "7899000000", "otherNonOperatingIncome": "-42000000", "operatingIncome": "6383000000", "otherOperatingExpense": "500000000", "interestExpense": "1144000000", "taxProvision": "-490000000", "interestIncome": "204000000", "netInterestIncome": "-1144000000", "extraordinaryItems": "-86000000", "nonRecurring": "424000000", "otherItems": "None", "incomeTaxExpense": "-490000000", "totalOtherIncomeExpense": "-42000000", "discontinuedOperations": "None", "netIncomeFromContinuingOperations": "5687000000", "netIncomeApplicableToCommonShares": "5687000000", "preferredStockAndOtherAdjustments": "None"}, {"fiscalDateEnding": "2017-12-31", "reportedCurrency": "USD", "totalRevenue": "28216000000", "totalOperatingExpense": "11584000000", "costOfRevenue": "7040000000", "grossProfit": "21176000000", "ebit": "8731000000", "netIncome": "5309000000", "researchAndDevelopment": "4982000000", "effectOfAccountingCharges": "None", "incomeBeforeTax": "7727000000", "minorityInterest": "None", "sellingGeneralAdministrative": "6275000000", "otherNonOperatingIncome": "-861000000", "operatingIncome": "9592000000", "otherOperatingExpense": "500000000", "interestExpense": "1004000000", "taxProvision": "2418000000", "interestIncome": "146000000", "netInterestIncome": "-1004000000", "extraordinaryItems": "-400000000", "nonRecurring": "327000000", "otherItems": "None", "incomeTaxExpense": "2418000000", "totalOtherIncomeExpense": "-861000000", "discontinuedOperations": "None", "netIncomeFromContinuingOperations": "5309000000", "netIncomeApplicableToCommonShares": "5309000000", "preferredStockAndOtherAdjustments": "None"}, {"fiscalDateEnding": "2016-12-31", "reportedCurrency": "USD", "totalRevenue": "25638000000", "totalOperatingExpense": "10421000000", "costOfRevenue": "5833000000", "grossProfit": "19805000000", "ebit": "8849000000", "netIncome": "5953000000", "researchAndDevelopment": "4366000000", "effectOfAccountingCharges": "None", "incomeBeforeTax": "7884000000", "minorityInterest": "None", "sellingGeneralAdministrative": "5855000000", "otherNonOperatingIncome": "-535000000", "operatingIncome": "9384000000", "otherOperatingExpense": "500000000", "interestExpense": "965000000", "taxProvision": "1931000000", "interestIncome": "82000000", "netInterestIncome": "-965000000", "extraordinaryItems": "None", "nonRecurring": "200000000", "otherItems": "None", "incomeTaxExpense": "1931000000", "totalOtherIncomeExpense": "-535000000", "discontinuedOperations": "None", "netIncomeFromContinuingOperations": "5953000000", "netIncomeApplicableToCommonShares": "5953000000", "preferredStockAndOtherAdjustments": "None"}, {"fiscalDateEnding": "2015-12-31", "reportedCurrency": "USD", "totalRevenue": "22859000000", "totalOperatingExpense": "10822000000", "costOfRevenue": "4500000000", "grossProfit": "18359000000", "ebit": "7331000000", "netIncome": "5144000000", "researchAndDevelopment": "4285000000", "effectOfAccountingCharges": "None", "incomeBeforeTax": "6645000000", "minorityInterest": "None", "sellingGeneralAdministrative": "6387000000", "otherNonOperatingIncome": "-206000000", "operatingIncome": "7537000000", "otherOperatingExpense": "500000000", "interestExpense": "686000000", "taxProvision": "1501000000", "interestIncome": "-879000000", "netInterestIncome": "None", "extraordinaryItems": "None", "nonRecurring": "150000000", "otherItems": "None", "incomeTaxExpense": "1501000000", "totalOtherIncomeExpense": "-2211000000", "discontinuedOperations": "None", "netIncomeFromContinuingOperations": "5144000000", "netIncomeApplicableToCommonShares": "5144000000", "preferredStockAndOtherAdjustments": "None"}], "quarterlyReports": [{"fiscalDateEnding": "2020-06-30", "reportedCurrency": "USD", "totalRevenue": "10425000000", "totalOperatingExpense": "5962000000", "costOfRevenue": "3711000000", "grossProfit": "6714000000", "ebit": "-79000000", "netIncome": "-738000000", "researchAndDevelopment": "1582000000", "effectOfAccountingCharges": "None", "incomeBeforeTax": "-693000000", "minorityInterest": "-1000000", "sellingGeneralAdministrative": "3527000000", "otherNonOperatingIncome": "-831000000", "operatingIncome": "752000000", "otherOperatingExpense": "None", "interestExpense": "614000000", "taxProvision": "46000000", "interestIncome": "18000000", "netInterestIncome": "-614000000", "extraordinaryItems": "None", "nonRecurring": "853000000", "otherItems": "None", "incomeTaxExpense": "46000000", "totalOtherIncomeExpense": "-831000000", "discontinuedOperations": "None", "netIncomeFromContinuingOperations": "-739000000", "netIncomeApplicableToCommonShares": "-738000000", "preferredStockAndOtherAdjustments": "None"}, {"fiscalDateEnding": "2020-03-31", "reportedCurrency": "USD", "totalRevenue": "8619000000", "totalOperatingExpense": "3074000000", "costOfRevenue": "1942000000", "grossProfit": "6677000000", "ebit": "3526000000", "netIncome": "3010000000", "researchAndDevelopment": "1379000000", "effectOfAccountingCharges": "None", "incomeBeforeTax": "3098000000", "minorityInterest": "24000000", "sellingGeneralAdministrative": "1695000000", "otherNonOperatingIncome": "-77000000", "operatingIncome": "3603000000", "otherOperatingExpense": "None", "interestExpense": "428000000", "taxProvision": "88000000", "interestIncome": "135000000", "netInterestIncome": "-428000000", "extraordinaryItems": "None", "nonRecurring": "None", "otherItems": "None", "incomeTaxExpense": "88000000", "totalOtherIncomeExpense": "-77000000", "discontinuedOperations": "None", "netIncomeFromContinuingOperations": "3010000000", "netIncomeApplicableToCommonShares": "3010000000", "preferredStockAndOtherAdjustments": "None"}, {"fiscalDateEnding": "2019-12-31", "reportedCurrency": "USD", "totalRevenue": "8704000000", "totalOperatingExpense": "2742000000", "costOfRevenue": "2006000000", "grossProfit": "6698000000", "ebit": "3529000000", "netIncome": "2801000000", "researchAndDevelopment": "1542000000", "effectOfAccountingCharges": "None", "incomeBeforeTax": "3074000000", "minorityInterest": "24000000", "sellingGeneralAdministrative": "1951000000", "otherNonOperatingIncome": "-427000000", "operatingIncome": "3956000000", "otherOperatingExpense": "-890000000", "interestExpense": "455000000", "taxProvision": "273000000", "interestIncome": "104000000", "netInterestIncome": "-455000000", "extraordinaryItems": "None", "nonRecurring": "139000000", "otherItems": "None", "incomeTaxExpense": "273000000", "totalOtherIncomeExpense": "-427000000", "discontinuedOperations": "None", "netIncomeFromContinuingOperations": "2801000000", "netIncomeApplicableToCommonShares": "2801000000", "preferredStockAndOtherAdjustments": "None"}, {"fiscalDateEnding": "2019-09-30", "reportedCurrency": "USD", "totalRevenue": "8479000000", "totalOperatingExpense": "3942000000", "costOfRevenue": "1920000000", "grossProfit": "6559000000", "ebit": "2421000000", "netIncome": "1884000000", "researchAndDevelopment": "2285000000", "effectOfAccountingCharges": "None", "incomeBeforeTax": "2001000000", "minorityInterest": "24000000", "sellingGeneralAdministrative": "1657000000", "otherNonOperatingIncome": "-196000000", "operatingIncome": "2617000000", "otherOperatingExpense": "-10000000", "interestExpense": "420000000", "taxProvision": "117000000", "interestIncome": "60000000", "netInterestIncome": "-420000000", "extraordinaryItems": "None", "nonRecurring": "None", "otherItems": "None", "incomeTaxExpense": "117000000", "totalOtherIncomeExpense": "-196000000", "discontinuedOperations": "None", "netIncomeFromContinuingOperations": "1884000000", "netIncomeApplicableToCommonShares": "1884000000", "preferredStockAndOtherAdjustments": "None"}, {"fiscalDateEnding": "2019-06-30", "reportedCurrency": "USD", "totalRevenue": "8255000000", "totalOperatingExpense": "3036000000", "costOfRevenue": "1819000000", "grossProfit": "6436000000", "ebit": "1116000000", "netIncome": "741000000", "researchAndDevelopment": "1291000000", "effectOfAccountingCharges": "None", "incomeBeforeTax": "807000000", "minorityInterest": "None", "sellingGeneralAdministrative": "1654000000", "otherNonOperatingIncome": "-2284000000", "operatingIncome": "3400000000", "otherOperatingExpense": "-10000000", "interestExpense": "309000000", "taxProvision": "66000000", "interestIncome": "49000000", "netInterestIncome": "-309000000", "extraordinaryItems": "None", "nonRecurring": "91000000", "otherItems": "None", "incomeTaxExpense": "66000000", "totalOtherIncomeExpense": "-2284000000", "discontinuedOperations": "None", "netIncomeFromContinuingOperations": "741000000", "netIncomeApplicableToCommonShares": "741000000", "preferredStockAndOtherAdjustments": "None"}, {"fiscalDateEnding": "2019-03-31", "reportedCurrency": "USD", "totalRevenue": "7828000000", "totalOperatingExpense": "3124000000", "costOfRevenue": "1694000000", "grossProfit": "6134000000", "ebit": "2869000000", "netIncome": "2456000000", "researchAndDevelopment": "1289000000", "effectOfAccountingCharges": "None", "incomeBeforeTax": "2544000000", "minorityInterest": "None", "sellingGeneralAdministrative": "1680000000", "otherNonOperatingIncome": "-141000000", "operatingIncome": "3010000000", "otherOperatingExpense": "-10000000", "interestExpense": "325000000", "taxProvision": "88000000", "interestIncome": "-331000000", "netInterestIncome": "-325000000", "extraordinaryItems": "None", "nonRecurring": "155000000", "otherItems": "None", "incomeTaxExpense": "88000000", "totalOtherIncomeExpense": "-296000000", "discontinuedOperations": "None", "netIncomeFromContinuingOperations": "2456000000", "netIncomeApplicableToCommonShares": "2456000000", "preferredStockAndOtherAdjustments": "None"}, {"fiscalDateEnding": "2018-12-31", "reportedCurrency": "USD", "totalRevenue": "8305000000", "totalOperatingExpense": "8724000000", "costOfRevenue": "2022000000", "grossProfit": "6283000000", "ebit": "-2054000000", "netIncome": "-1826000000", "researchAndDevelopment": "6495000000", "effectOfAccountingCharges": "0", "incomeBeforeTax": "-2373000000", "minorityInterest": "0", "sellingGeneralAdministrative": "1929000000", "otherNonOperatingIncome": "387000000", "operatingIncome": "-2441000000", "otherOperatingExpense": "500000000", "interestExpense": "319000000", "taxProvision": "None", "interestIncome": "None", "netInterestIncome": "None", "extraordinaryItems": "-86000000", "nonRecurring": "300000000", "otherItems": "0", "incomeTaxExpense": "-547000000", "totalOtherIncomeExpense": "-5310000000", "discontinuedOperations": "0", "netIncomeFromContinuingOperations": "-1826000000", "netIncomeApplicableToCommonShares": "-1826000000", "preferredStockAndOtherAdjustments": "None"}, {"fiscalDateEnding": "2018-09-30", "reportedCurrency": "USD", "totalRevenue": "8236000000", "totalOperatingExpense": "3242000000", "costOfRevenue": "1835000000", "grossProfit": "6401000000", "ebit": "3063000000", "netIncome": "2747000000", "researchAndDevelopment": "1268000000", "effectOfAccountingCharges": "0", "incomeBeforeTax": "2761000000", "minorityInterest": "0", "sellingGeneralAdministrative": "1919000000", "otherNonOperatingIncome": "-96000000", "operatingIncome": "3159000000", "otherOperatingExpense": "-500000000", "interestExpense": "302000000", "taxProvision": "None", "interestIncome": "None", "netInterestIncome": "None", "extraordinaryItems": "0", "nonRecurring": "55000000", "otherItems": "0", "incomeTaxExpense": "14000000", "totalOtherIncomeExpense": "-461000000", "discontinuedOperations": "0", "netIncomeFromContinuingOperations": "2747000000", "netIncomeApplicableToCommonShares": "2747000000", "preferredStockAndOtherAdjustments": "None"}, {"fiscalDateEnding": "2018-06-30", "reportedCurrency": "USD", "totalRevenue": "8278000000", "totalOperatingExpense": "3582000000", "costOfRevenue": "1934000000", "grossProfit": "6344000000", "ebit": "2284000000", "netIncome": "1983000000", "researchAndDevelopment": "1322000000", "effectOfAccountingCharges": "0", "incomeBeforeTax": "2012000000", "minorityInterest": "0", "sellingGeneralAdministrative": "2260000000", "otherNonOperatingIncome": "-478000000", "operatingIncome": "2762000000", "otherOperatingExpense": "500000000", "interestExpense": "272000000", "taxProvision": "None", "interestIncome": "None", "netInterestIncome": "None", "extraordinaryItems": "0", "nonRecurring": "-69000000", "otherItems": "0", "incomeTaxExpense": "29000000", "totalOtherIncomeExpense": "-763000000", "discontinuedOperations": "0", "netIncomeFromContinuingOperations": "1983000000", "netIncomeApplicableToCommonShares": "1983000000", "preferredStockAndOtherAdjustments": "None"}, {"fiscalDateEnding": "2018-03-31", "reportedCurrency": "USD", "totalRevenue": "7934000000", "totalOperatingExpense": "3104000000", "costOfRevenue": "1927000000", "grossProfit": "6007000000", "ebit": "3048000000", "netIncome": "2783000000", "researchAndDevelopment": "1244000000", "effectOfAccountingCharges": "0", "incomeBeforeTax": "2797000000", "minorityInterest": "0", "sellingGeneralAdministrative": "1791000000", "otherNonOperatingIncome": "145000000", "operatingIncome": "2903000000", "otherOperatingExpense": "500000000", "interestExpense": "251000000", "taxProvision": "None", "interestIncome": "None", "netInterestIncome": "None", "extraordinaryItems": "0", "nonRecurring": "69000000", "otherItems": "0", "incomeTaxExpense": "14000000", "totalOtherIncomeExpense": "-293000000", "discontinuedOperations": "0", "netIncomeFromContinuingOperations": "2783000000", "netIncomeApplicableToCommonShares": "2783000000", "preferredStockAndOtherAdjustments": "None"}, {"fiscalDateEnding": "2017-12-31", "reportedCurrency": "USD", "totalRevenue": "7739000000", "totalOperatingExpense": "3665000000", "costOfRevenue": "2280000000", "grossProfit": "5459000000", "ebit": "1445000000", "netIncome": "52000000", "researchAndDevelopment": "1402000000", "effectOfAccountingCharges": "0", "incomeBeforeTax": "1193000000", "minorityInterest": "0", "sellingGeneralAdministrative": "1951000000", "otherNonOperatingIncome": "-349000000", "operatingIncome": "1794000000", "otherOperatingExpense": "0", "interestExpense": "252000000", "taxProvision": "None", "interestIncome": "None", "netInterestIncome": "None", "extraordinaryItems": "0", "nonRecurring": "312000000", "otherItems": "0", "incomeTaxExpense": "1141000000", "totalOtherIncomeExpense": "-2916000000", "discontinuedOperations": "0", "netIncomeFromContinuingOperations": "52000000", "netIncomeApplicableToCommonShares": "52000000", "preferredStockAndOtherAdjustments": "None"}, {"fiscalDateEnding": "2017-09-30", "reportedCurrency": "USD", "totalRevenue": "6995000000", "totalOperatingExpense": "2674000000", "costOfRevenue": "1616000000", "grossProfit": "5379000000", "ebit": "2347000000", "netIncome": "1631000000", "researchAndDevelopment": "1222000000", "effectOfAccountingCharges": "0", "incomeBeforeTax": "2095000000", "minorityInterest": "0", "sellingGeneralAdministrative": "1452000000", "otherNonOperatingIncome": "-358000000", "operatingIncome": "2705000000", "otherOperatingExpense": "500000000", "interestExpense": "252000000", "taxProvision": "None", "interestIncome": "None", "netInterestIncome": "None", "extraordinaryItems": "0", "nonRecurring": "312000000", "otherItems": "0", "incomeTaxExpense": "464000000", "totalOtherIncomeExpense": "0", "discontinuedOperations": "0", "netIncomeFromContinuingOperations": "1631000000", "netIncomeApplicableToCommonShares": "1631000000", "preferredStockAndOtherAdjustments": "None"}, {"fiscalDateEnding": "2017-06-30", "reportedCurrency": "USD", "totalRevenue": "6944000000", "totalOperatingExpense": "2742000000", "costOfRevenue": "1528000000", "grossProfit": "5416000000", "ebit": "2606000000", "netIncome": "1915000000", "researchAndDevelopment": "1223000000", "effectOfAccountingCharges": "0", "incomeBeforeTax": "2353000000", "minorityInterest": "0", "sellingGeneralAdministrative": "1504000000", "otherNonOperatingIncome": "-68000000", "operatingIncome": "2674000000", "otherOperatingExpense": "0", "interestExpense": "253000000", "taxProvision": "None", "interestIncome": "None", "netInterestIncome": "None", "extraordinaryItems": "0", "nonRecurring": "15000000", "otherItems": "0", "incomeTaxExpense": "438000000", "totalOtherIncomeExpense": "0", "discontinuedOperations": "0", "netIncomeFromContinuingOperations": "1915000000", "netIncomeApplicableToCommonShares": "1915000000", "preferredStockAndOtherAdjustments": "None"}, {"fiscalDateEnding": "2017-03-31", "reportedCurrency": "USD", "totalRevenue": "6538000000", "totalOperatingExpense": "2503000000", "costOfRevenue": "1616000000", "grossProfit": "4922000000", "ebit": "2333000000", "netIncome": "1711000000", "researchAndDevelopment": "1135000000", "effectOfAccountingCharges": "0", "incomeBeforeTax": "2086000000", "minorityInterest": "0", "sellingGeneralAdministrative": "1368000000", "otherNonOperatingIncome": "-86000000", "operatingIncome": "2419000000", "otherOperatingExpense": "0", "interestExpense": "247000000", "taxProvision": "None", "interestIncome": "None", "netInterestIncome": "None", "extraordinaryItems": "0", "nonRecurring": "15000000", "otherItems": "0", "incomeTaxExpense": "375000000", "totalOtherIncomeExpense": "0", "discontinuedOperations": "0", "netIncomeFromContinuingOperations": "1711000000", "netIncomeApplicableToCommonShares": "1711000000", "preferredStockAndOtherAdjustments": "None"}, {"fiscalDateEnding": "2016-12-31", "reportedCurrency": "USD", "totalRevenue": "6796000000", "totalOperatingExpense": "2883000000", "costOfRevenue": "1555000000", "grossProfit": "5241000000", "ebit": "2288000000", "netIncome": "1391000000", "researchAndDevelopment": "1190000000", "effectOfAccountingCharges": "0", "incomeBeforeTax": "1998000000", "minorityInterest": "0", "sellingGeneralAdministrative": "1653000000", "otherNonOperatingIncome": "-70000000", "operatingIncome": "2358000000", "otherOperatingExpense": "500000000", "interestExpense": "290000000", "taxProvision": "None", "interestIncome": "None", "netInterestIncome": "None", "extraordinaryItems": "0", "nonRecurring": "40000000", "otherItems": "0", "incomeTaxExpense": "607000000", "totalOtherIncomeExpense": "-1739000000", "discontinuedOperations": "0", "netIncomeFromContinuingOperations": "1391000000", "netIncomeApplicableToCommonShares": "1391000000", "preferredStockAndOtherAdjustments": "None"}, {"fiscalDateEnding": "2016-09-30", "reportedCurrency": "USD", "totalRevenue": "6432000000", "totalOperatingExpense": "2567000000", "costOfRevenue": "1504000000", "grossProfit": "4928000000", "ebit": "2264000000", "netIncome": "1598000000", "researchAndDevelopment": "1106000000", "effectOfAccountingCharges": "0", "incomeBeforeTax": "2014000000", "minorityInterest": "0", "sellingGeneralAdministrative": "1381000000", "otherNonOperatingIncome": "-97000000", "operatingIncome": "2361000000", "otherOperatingExpense": "0", "interestExpense": "250000000", "taxProvision": "None", "interestIncome": "None", "netInterestIncome": "None", "extraordinaryItems": "0", "nonRecurring": "80000000", "otherItems": "0", "incomeTaxExpense": "416000000", "totalOtherIncomeExpense": "0", "discontinuedOperations": "0", "netIncomeFromContinuingOperations": "1598000000", "netIncomeApplicableToCommonShares": "1598000000", "preferredStockAndOtherAdjustments": "None"}, {"fiscalDateEnding": "2016-06-30", "reportedCurrency": "USD", "totalRevenue": "6452000000", "totalOperatingExpense": "2660000000", "costOfRevenue": "1405000000", "grossProfit": "5047000000", "ebit": "2321000000", "netIncome": "1610000000", "researchAndDevelopment": "1124000000", "effectOfAccountingCharges": "0", "incomeBeforeTax": "2096000000", "minorityInterest": "0", "sellingGeneralAdministrative": "1466000000", "otherNonOperatingIncome": "-66000000", "operatingIncome": "2387000000", "otherOperatingExpense": "0", "interestExpense": "225000000", "taxProvision": "None", "interestIncome": "None", "netInterestIncome": "None", "extraordinaryItems": "0", "nonRecurring": "70000000", "otherItems": "0", "incomeTaxExpense": "486000000", "totalOtherIncomeExpense": "0", "discontinuedOperations": "0", "netIncomeFromContinuingOperations": "1610000000", "netIncomeApplicableToCommonShares": "1610000000", "preferredStockAndOtherAdjustments": "None"}, {"fiscalDateEnding": "2016-03-31", "reportedCurrency": "USD", "totalRevenue": "5958000000", "totalOperatingExpense": "2311000000", "costOfRevenue": "1369000000", "grossProfit": "4589000000", "ebit": "1976000000", "netIncome": "1354000000", "researchAndDevelopment": "946000000", "effectOfAccountingCharges": "0", "incomeBeforeTax": "1776000000", "minorityInterest": "0", "sellingGeneralAdministrative": "1355000000", "otherNonOperatingIncome": "-302000000", "operatingIncome": "2278000000", "otherOperatingExpense": "0", "interestExpense": "200000000", "taxProvision": "None", "interestIncome": "None", "netInterestIncome": "None", "extraordinaryItems": "0", "nonRecurring": "10000000", "otherItems": "0", "incomeTaxExpense": "422000000", "totalOtherIncomeExpense": "0", "discontinuedOperations": "0", "netIncomeFromContinuingOperations": "1354000000", "netIncomeApplicableToCommonShares": "1354000000", "preferredStockAndOtherAdjustments": "None"}, {"fiscalDateEnding": "2015-12-31", "reportedCurrency": "USD", "totalRevenue": "6400000000", "totalOperatingExpense": "2812000000", "costOfRevenue": "1475000000", "grossProfit": "4925000000", "ebit": "2123000000", "netIncome": "1517000000", "researchAndDevelopment": "1075000000", "effectOfAccountingCharges": "0", "incomeBeforeTax": "1924000000", "minorityInterest": "0", "sellingGeneralAdministrative": "1737000000", "otherNonOperatingIncome": "10000000", "operatingIncome": "2113000000", "otherOperatingExpense": "500000000", "interestExpense": "199000000", "taxProvision": "None", "interestIncome": "None", "netInterestIncome": "None", "extraordinaryItems": "0", "nonRecurring": "150000000", "otherItems": "0", "incomeTaxExpense": "407000000", "totalOtherIncomeExpense": "-2211000000", "discontinuedOperations": "0", "netIncomeFromContinuingOperations": "1517000000", "netIncomeApplicableToCommonShares": "1517000000", "preferredStockAndOtherAdjustments": "None"}, {"fiscalDateEnding": "2015-09-30", "reportedCurrency": "USD", "totalRevenue": "5944000000", "totalOperatingExpense": "2892000000", "costOfRevenue": "1167000000", "grossProfit": "4777000000", "ebit": "1844000000", "netIncome": "1239000000", "researchAndDevelopment": "1418000000", "effectOfAccountingCharges": "0", "incomeBeforeTax": "1647000000", "minorityInterest": "0", "sellingGeneralAdministrative": "1474000000", "otherNonOperatingIncome": "-41000000", "operatingIncome": "1885000000", "otherOperatingExpense": "0", "interestExpense": "197000000", "taxProvision": "None", "interestIncome": "None", "netInterestIncome": "None", "extraordinaryItems": "0", "nonRecurring": "0", "otherItems": "0", "incomeTaxExpense": "408000000", "totalOtherIncomeExpense": "0", "discontinuedOperations": "0", "netIncomeFromContinuingOperations": "1239000000", "netIncomeApplicableToCommonShares": "1239000000", "preferredStockAndOtherAdjustments": "None"}, {"fiscalDateEnding": "2015-06-30", "reportedCurrency": "USD", "totalRevenue": "5475000000", "totalOperatingExpense": "2707000000", "costOfRevenue": "916000000", "grossProfit": "4559000000", "ebit": "1842000000", "netIncome": "1366000000", "researchAndDevelopment": "981000000", "effectOfAccountingCharges": "0", "incomeBeforeTax": "1678000000", "minorityInterest": "0", "sellingGeneralAdministrative": "1703000000", "otherNonOperatingIncome": "-10000000", "operatingIncome": "1852000000", "otherOperatingExpense": "0", "interestExpense": "164000000", "taxProvision": "None", "interestIncome": "None", "netInterestIncome": "None", "extraordinaryItems": "0", "nonRecurring": "23000000", "otherItems": "0", "incomeTaxExpense": "312000000", "totalOtherIncomeExpense": "0", "discontinuedOperations": "0", "netIncomeFromContinuingOperations": "1366000000", "netIncomeApplicableToCommonShares": "1366000000", "preferredStockAndOtherAdjustments": "None"}]}