{"symbol": "ABEO", "annualReports": [{"fiscalDateEnding": "2019-12-31", "reportedCurrency": "USD", "totalRevenue": "0", "totalOperatingExpense": "77090000", "costOfRevenue": "48566000", "grossProfit": "-48566000", "ebit": "-77090000", "netIncome": "-76282000", "researchAndDevelopment": "48566000", "effectOfAccountingCharges": "None", "incomeBeforeTax": "-77490000", "minorityInterest": "None", "sellingGeneralAdministrative": "20705000", "otherNonOperatingIncome": "None", "operatingIncome": "-77090000", "otherOperatingExpense": "7819000", "interestExpense": "400000", "taxProvision": "None", "interestIncome": "1208000", "netInterestIncome": "808000", "extraordinaryItems": "None", "nonRecurring": "None", "otherItems": "None", "incomeTaxExpense": "None", "totalOtherIncomeExpense": "808000", "discontinuedOperations": "None", "netIncomeFromContinuingOperations": "-77490000", "netIncomeApplicableToCommonShares": "-76282000", "preferredStockAndOtherAdjustments": "None"}, {"fiscalDateEnding": "2018-12-31", "reportedCurrency": "USD", "totalRevenue": "2998000", "totalOperatingExpense": "61164000", "costOfRevenue": "38698000", "grossProfit": "2998000", "ebit": "-54300000", "netIncome": "-56671000", "researchAndDevelopment": "38698000", "effectOfAccountingCharges": "None", "incomeBeforeTax": "-56671000", "minorityInterest": "None", "sellingGeneralAdministrative": "20106000", "otherNonOperatingIncome": "1506000", "operatingIncome": "-58166000", "otherOperatingExpense": "2360000", "interestExpense": "11000", "taxProvision": "None", "interestIncome": "1506000", "netInterestIncome": "1495000", "extraordinaryItems": "None", "nonRecurring": "None", "otherItems": "None", "incomeTaxExpense": "0", "totalOtherIncomeExpense": "1495000", "discontinuedOperations": "None", "netIncomeFromContinuingOperations": "-56671000", "netIncomeApplicableToCommonShares": "-56671000", "preferredStockAndOtherAdjustments": "None"}, {"fiscalDateEnding": "2017-12-31", "reportedCurrency": "USD", "totalRevenue": "837000", "totalOperatingExpense": "28673000", "costOfRevenue": "16989000", "grossProfit": "837000", "ebit": "-27311000", "netIncome": "-27319000", "researchAndDevelopment": "16989000", "effectOfAccountingCharges": "None", "incomeBeforeTax": "-27319000", "minorityInterest": "None", "sellingGeneralAdministrative": "10943000", "otherNonOperatingIncome": "525000", "operatingIncome": "-27836000", "otherOperatingExpense": "741000", "interestExpense": "8000", "taxProvision": "None", "interestIncome": "525000", "netInterestIncome": "517000", "extraordinaryItems": "None", "nonRecurring": "None", "otherItems": "None", "incomeTaxExpense": "0", "totalOtherIncomeExpense": "964000", "discontinuedOperations": "None", "netIncomeFromContinuingOperations": "-27319000", "netIncomeApplicableToCommonShares": "-27319000", "preferredStockAndOtherAdjustments": "None"}, {"fiscalDateEnding": "2016-12-31", "reportedCurrency": "USD", "totalRevenue": "889000", "totalOperatingExpense": "24770000", "costOfRevenue": "10655000", "grossProfit": "889000", "ebit": "-21867000", "netIncome": "-21873000", "researchAndDevelopment": "10655000", "effectOfAccountingCharges": "None", "incomeBeforeTax": "-21873000", "minorityInterest": "None", "sellingGeneralAdministrative": "13290000", "otherNonOperatingIncome": "2014000", "operatingIncome": "-23881000", "otherOperatingExpense": "825000", "interestExpense": "6000", "taxProvision": "None", "interestIncome": "2014000", "netInterestIncome": "2008000", "extraordinaryItems": "None", "nonRecurring": "None", "otherItems": "None", "incomeTaxExpense": "0", "totalOtherIncomeExpense": "0", "discontinuedOperations": "None", "netIncomeFromContinuingOperations": "-21873000", "netIncomeApplicableToCommonShares": "-21873000", "preferredStockAndOtherAdjustments": "None"}, {"fiscalDateEnding": "2015-12-31", "reportedCurrency": "USD", "totalRevenue": "1040000", "totalOperatingExpense": "19586000", "costOfRevenue": "19035000", "grossProfit": "1040000", "ebit": "-14520000", "netIncome": "-14526000", "researchAndDevelopment": "4715000", "effectOfAccountingCharges": "None", "incomeBeforeTax": "-14526000", "minorityInterest": "None", "sellingGeneralAdministrative": "14320000", "otherNonOperatingIncome": "4026000", "operatingIncome": "-18546000", "otherOperatingExpense": "551000", "interestExpense": "6000", "taxProvision": "None", "interestIncome": "4020000", "netInterestIncome": "None", "extraordinaryItems": "None", "nonRecurring": "None", "otherItems": "None", "incomeTaxExpense": "0", "totalOtherIncomeExpense": "4020000", "discontinuedOperations": "None", "netIncomeFromContinuingOperations": "-14526000", "netIncomeApplicableToCommonShares": "-14526000", "preferredStockAndOtherAdjustments": "None"}], "quarterlyReports": [{"fiscalDateEnding": "2020-06-30", "reportedCurrency": "USD", "totalRevenue": "0", "totalOperatingExpense": "12481000", "costOfRevenue": "None", "grossProfit": "None", "ebit": "-12481000", "netIncome": "-13010000", "researchAndDevelopment": "6109000", "effectOfAccountingCharges": "None", "incomeBeforeTax": "-13281000", "minorityInterest": "None", "sellingGeneralAdministrative": "5538000", "otherNonOperatingIncome": "None", "operatingIncome": "-12481000", "otherOperatingExpense": "834000", "interestExpense": "800000", "taxProvision": "None", "interestIncome": "271000", "netInterestIncome": "-529000", "extraordinaryItems": "None", "nonRecurring": "None", "otherItems": "None", "incomeTaxExpense": "None", "totalOtherIncomeExpense": "None", "discontinuedOperations": "None", "netIncomeFromContinuingOperations": "-13281000", "netIncomeApplicableToCommonShares": "-13010000", "preferredStockAndOtherAdjustments": "None"}, {"fiscalDateEnding": "2020-03-31", "reportedCurrency": "USD", "totalRevenue": "0", "totalOperatingExpense": "48211000", "costOfRevenue": "None", "grossProfit": "None", "ebit": "-48211000", "netIncome": "-48159000", "researchAndDevelopment": "6818000", "effectOfAccountingCharges": "None", "incomeBeforeTax": "-48811000", "minorityInterest": "None", "sellingGeneralAdministrative": "39328000", "otherNonOperatingIncome": "None", "operatingIncome": "-48211000", "otherOperatingExpense": "2065000", "interestExpense": "600000", "taxProvision": "None", "interestIncome": "652000", "netInterestIncome": "52000", "extraordinaryItems": "None", "nonRecurring": "None", "otherItems": "None", "incomeTaxExpense": "None", "totalOtherIncomeExpense": "-32916000", "discontinuedOperations": "None", "netIncomeFromContinuingOperations": "-48811000", "netIncomeApplicableToCommonShares": "-48159000", "preferredStockAndOtherAdjustments": "None"}, {"fiscalDateEnding": "2019-12-31", "reportedCurrency": "USD", "totalRevenue": "0", "totalOperatingExpense": "16411000", "costOfRevenue": "9605000", "grossProfit": "-9605000", "ebit": "-16962000", "netIncome": "-16431000", "researchAndDevelopment": "9605000", "effectOfAccountingCharges": "None", "incomeBeforeTax": "-17362000", "minorityInterest": "None", "sellingGeneralAdministrative": "4734000", "otherNonOperatingIncome": "None", "operatingIncome": "-16411000", "otherOperatingExpense": "2072000", "interestExpense": "400000", "taxProvision": "None", "interestIncome": "380000", "netInterestIncome": "-20000", "extraordinaryItems": "None", "nonRecurring": "None", "otherItems": "None", "incomeTaxExpense": "None", "totalOtherIncomeExpense": "-20000", "discontinuedOperations": "None", "netIncomeFromContinuingOperations": "-17362000", "netIncomeApplicableToCommonShares": "-16431000", "preferredStockAndOtherAdjustments": "None"}, {"fiscalDateEnding": "2019-09-30", "reportedCurrency": "USD", "totalRevenue": "0", "totalOperatingExpense": "17649000", "costOfRevenue": "10917000", "grossProfit": "-10917000", "ebit": "-17649000", "netIncome": "-17372000", "researchAndDevelopment": "10917000", "effectOfAccountingCharges": "None", "incomeBeforeTax": "-17649000", "minorityInterest": "None", "sellingGeneralAdministrative": "4700000", "otherNonOperatingIncome": "None", "operatingIncome": "-17649000", "otherOperatingExpense": "2032000", "interestExpense": "0", "taxProvision": "None", "interestIncome": "277000", "netInterestIncome": "277000", "extraordinaryItems": "None", "nonRecurring": "None", "otherItems": "None", "incomeTaxExpense": "None", "totalOtherIncomeExpense": "277000", "discontinuedOperations": "None", "netIncomeFromContinuingOperations": "-17649000", "netIncomeApplicableToCommonShares": "-17372000", "preferredStockAndOtherAdjustments": "None"}, {"fiscalDateEnding": "2019-06-30", "reportedCurrency": "USD", "totalRevenue": "0", "totalOperatingExpense": "23976000", "costOfRevenue": "16307000", "grossProfit": "-16307000", "ebit": "-23924000", "netIncome": "-23924000", "researchAndDevelopment": "16307000", "effectOfAccountingCharges": "None", "incomeBeforeTax": "-23924000", "minorityInterest": "None", "sellingGeneralAdministrative": "5612000", "otherNonOperatingIncome": "52000", "operatingIncome": "-23976000", "otherOperatingExpense": "2057000", "interestExpense": "0", "taxProvision": "None", "interestIncome": "52000", "netInterestIncome": "52000", "extraordinaryItems": "None", "nonRecurring": "None", "otherItems": "None", "incomeTaxExpense": "None", "totalOtherIncomeExpense": "52000", "discontinuedOperations": "None", "netIncomeFromContinuingOperations": "-23924000", "netIncomeApplicableToCommonShares": "-23924000", "preferredStockAndOtherAdjustments": "None"}, {"fiscalDateEnding": "2019-03-31", "reportedCurrency": "USD", "totalRevenue": "0", "totalOperatingExpense": "19054000", "costOfRevenue": "11737000", "grossProfit": "-11737000", "ebit": "-18555000", "netIncome": "-18555000", "researchAndDevelopment": "11737000", "effectOfAccountingCharges": "None", "incomeBeforeTax": "-18555000", "minorityInterest": "None", "sellingGeneralAdministrative": "5659000", "otherNonOperatingIncome": "499000", "operatingIncome": "-19054000", "otherOperatingExpense": "1658000", "interestExpense": "0", "taxProvision": "None", "interestIncome": "499000", "netInterestIncome": "499000", "extraordinaryItems": "None", "nonRecurring": "None", "otherItems": "None", "incomeTaxExpense": "None", "totalOtherIncomeExpense": "998000", "discontinuedOperations": "None", "netIncomeFromContinuingOperations": "-18555000", "netIncomeApplicableToCommonShares": "-18555000", "preferredStockAndOtherAdjustments": "None"}, {"fiscalDateEnding": "2018-12-31", "reportedCurrency": "USD", "totalRevenue": "2128000", "totalOperatingExpense": "18492000", "costOfRevenue": "9470000", "grossProfit": "-11598000", "ebit": "-20620000", "netIncome": "-20089000", "researchAndDevelopment": "11737000", "effectOfAccountingCharges": "0", "incomeBeforeTax": "-20089000", "minorityInterest": "0", "sellingGeneralAdministrative": "7631000", "otherNonOperatingIncome": "None", "operatingIncome": "-20620000", "otherOperatingExpense": "0", "interestExpense": "-2000", "taxProvision": "None", "interestIncome": "None", "netInterestIncome": "None", "extraordinaryItems": "0", "nonRecurring": "0", "otherItems": "0", "incomeTaxExpense": "0", "totalOtherIncomeExpense": "531000", "discontinuedOperations": "0", "netIncomeFromContinuingOperations": "-20089000", "netIncomeApplicableToCommonShares": "-20089000", "preferredStockAndOtherAdjustments": "None"}, {"fiscalDateEnding": "2018-09-30", "reportedCurrency": "USD", "totalRevenue": "1709000", "totalOperatingExpense": "18625000", "costOfRevenue": "13150000", "grossProfit": "1709000", "ebit": "-16416000", "netIncome": "-16419000", "researchAndDevelopment": "13150000", "effectOfAccountingCharges": "0", "incomeBeforeTax": "-16419000", "minorityInterest": "0", "sellingGeneralAdministrative": "4970000", "otherNonOperatingIncome": "500000", "operatingIncome": "-16916000", "otherOperatingExpense": "505000", "interestExpense": "3000", "taxProvision": "None", "interestIncome": "None", "netInterestIncome": "None", "extraordinaryItems": "0", "nonRecurring": "0", "otherItems": "0", "incomeTaxExpense": "0", "totalOtherIncomeExpense": "497000", "discontinuedOperations": "0", "netIncomeFromContinuingOperations": "-16419000", "netIncomeApplicableToCommonShares": "-16419000", "preferredStockAndOtherAdjustments": "None"}, {"fiscalDateEnding": "2018-06-30", "reportedCurrency": "USD", "totalRevenue": "819000", "totalOperatingExpense": "12014000", "costOfRevenue": "7916000", "grossProfit": "-7097000", "ebit": "-11697000", "netIncome": "-11700000", "researchAndDevelopment": "7916000", "effectOfAccountingCharges": "0", "incomeBeforeTax": "-11700000", "minorityInterest": "0", "sellingGeneralAdministrative": "4627000", "otherNonOperatingIncome": "317000", "operatingIncome": "-12014000", "otherOperatingExpense": "-529000", "interestExpense": "3000", "taxProvision": "None", "interestIncome": "None", "netInterestIncome": "None", "extraordinaryItems": "0", "nonRecurring": "0", "otherItems": "0", "incomeTaxExpense": "0", "totalOtherIncomeExpense": "314000", "discontinuedOperations": "0", "netIncomeFromContinuingOperations": "-11700000", "netIncomeApplicableToCommonShares": "-11700000", "preferredStockAndOtherAdjustments": "None"}, {"fiscalDateEnding": "2018-03-31", "reportedCurrency": "USD", "totalRevenue": "2598000", "totalOperatingExpense": "11214000", "costOfRevenue": "8162000", "grossProfit": "2598000", "ebit": "-8460000", "netIncome": "-8463000", "researchAndDevelopment": "8162000", "effectOfAccountingCharges": "0", "incomeBeforeTax": "-8463000", "minorityInterest": "0", "sellingGeneralAdministrative": "2878000", "otherNonOperatingIncome": "156000", "operatingIncome": "-8616000", "otherOperatingExpense": "174000", "interestExpense": "3000", "taxProvision": "None", "interestIncome": "None", "netInterestIncome": "None", "extraordinaryItems": "0", "nonRecurring": "0", "otherItems": "0", "incomeTaxExpense": "0", "totalOtherIncomeExpense": "153000", "discontinuedOperations": "0", "netIncomeFromContinuingOperations": "-8463000", "netIncomeApplicableToCommonShares": "-8463000", "preferredStockAndOtherAdjustments": "None"}, {"fiscalDateEnding": "2017-12-31", "reportedCurrency": "USD", "totalRevenue": "215000", "totalOperatingExpense": "57720000", "costOfRevenue": "8819000", "grossProfit": "837000", "ebit": "-24764000", "netIncome": "-27319000", "researchAndDevelopment": "5706000", "effectOfAccountingCharges": "0", "incomeBeforeTax": "-27319000", "minorityInterest": "0", "sellingGeneralAdministrative": "10943000", "otherNonOperatingIncome": "None", "operatingIncome": "-27836000", "otherOperatingExpense": "-69000", "interestExpense": "-8000", "taxProvision": "None", "interestIncome": "None", "netInterestIncome": "None", "extraordinaryItems": "0", "nonRecurring": "0", "otherItems": "0", "incomeTaxExpense": "0", "totalOtherIncomeExpense": "517000", "discontinuedOperations": "0", "netIncomeFromContinuingOperations": "-23610000", "netIncomeApplicableToCommonShares": "-23610000", "preferredStockAndOtherAdjustments": "None"}, {"fiscalDateEnding": "2017-09-30", "reportedCurrency": "USD", "totalRevenue": "219000", "totalOperatingExpense": "5581000", "costOfRevenue": "5443000", "grossProfit": "219000", "ebit": "-5341000", "netIncome": "-5343000", "researchAndDevelopment": "3277000", "effectOfAccountingCharges": "0", "incomeBeforeTax": "-5343000", "minorityInterest": "0", "sellingGeneralAdministrative": "2166000", "otherNonOperatingIncome": "21000", "operatingIncome": "-5362000", "otherOperatingExpense": "138000", "interestExpense": "2000", "taxProvision": "None", "interestIncome": "None", "netInterestIncome": "None", "extraordinaryItems": "0", "nonRecurring": "0", "otherItems": "0", "incomeTaxExpense": "0", "totalOtherIncomeExpense": "616000", "discontinuedOperations": "0", "netIncomeFromContinuingOperations": "-5343000", "netIncomeApplicableToCommonShares": "-5343000", "preferredStockAndOtherAdjustments": "None"}, {"fiscalDateEnding": "2017-06-30", "reportedCurrency": "USD", "totalRevenue": "217000", "totalOperatingExpense": "8657000", "costOfRevenue": "8450000", "grossProfit": "217000", "ebit": "-8276000", "netIncome": "-8279000", "researchAndDevelopment": "5808000", "effectOfAccountingCharges": "0", "incomeBeforeTax": "-8279000", "minorityInterest": "0", "sellingGeneralAdministrative": "2642000", "otherNonOperatingIncome": "164000", "operatingIncome": "-8440000", "otherOperatingExpense": "207000", "interestExpense": "3000", "taxProvision": "None", "interestIncome": "None", "netInterestIncome": "None", "extraordinaryItems": "0", "nonRecurring": "0", "otherItems": "0", "incomeTaxExpense": "0", "totalOtherIncomeExpense": "-1232000", "discontinuedOperations": "0", "netIncomeFromContinuingOperations": "-8279000", "netIncomeApplicableToCommonShares": "-8279000", "preferredStockAndOtherAdjustments": "None"}, {"fiscalDateEnding": "2017-03-31", "reportedCurrency": "USD", "totalRevenue": "186000", "totalOperatingExpense": "5470000", "costOfRevenue": "5220000", "grossProfit": "186000", "ebit": "-5245000", "netIncome": "-5247000", "researchAndDevelopment": "2198000", "effectOfAccountingCharges": "0", "incomeBeforeTax": "-5247000", "minorityInterest": "0", "sellingGeneralAdministrative": "3022000", "otherNonOperatingIncome": "39000", "operatingIncome": "-5284000", "otherOperatingExpense": "250000", "interestExpense": "2000", "taxProvision": "None", "interestIncome": "None", "netInterestIncome": "None", "extraordinaryItems": "0", "nonRecurring": "0", "otherItems": "0", "incomeTaxExpense": "0", "totalOtherIncomeExpense": "616000", "discontinuedOperations": "0", "netIncomeFromContinuingOperations": "-5247000", "netIncomeApplicableToCommonShares": "-5247000", "preferredStockAndOtherAdjustments": "None"}, {"fiscalDateEnding": "2016-12-31", "reportedCurrency": "USD", "totalRevenue": "256000", "totalOperatingExpense": "24770000", "costOfRevenue": "5840000", "grossProfit": "889000", "ebit": "-14814000", "netIncome": "-21873000", "researchAndDevelopment": "3037000", "effectOfAccountingCharges": "0", "incomeBeforeTax": "-21873000", "minorityInterest": "0", "sellingGeneralAdministrative": "13290000", "otherNonOperatingIncome": "None", "operatingIncome": "-18707000", "otherOperatingExpense": "283000", "interestExpense": "-6000", "taxProvision": "None", "interestIncome": "None", "netInterestIncome": "None", "extraordinaryItems": "0", "nonRecurring": "0", "otherItems": "0", "incomeTaxExpense": "0", "totalOtherIncomeExpense": "-1154000", "discontinuedOperations": "0", "netIncomeFromContinuingOperations": "-12797000", "netIncomeApplicableToCommonShares": "-12797000", "preferredStockAndOtherAdjustments": "None"}, {"fiscalDateEnding": "2016-09-30", "reportedCurrency": "USD", "totalRevenue": "184000", "totalOperatingExpense": "5358000", "costOfRevenue": "5136000", "grossProfit": "184000", "ebit": "-2623000", "netIncome": "-2624000", "researchAndDevelopment": "2745000", "effectOfAccountingCharges": "0", "incomeBeforeTax": "-2624000", "minorityInterest": "0", "sellingGeneralAdministrative": "2391000", "otherNonOperatingIncome": "2551000", "operatingIncome": "-5174000", "otherOperatingExpense": "222000", "interestExpense": "1000", "taxProvision": "None", "interestIncome": "None", "netInterestIncome": "None", "extraordinaryItems": "0", "nonRecurring": "0", "otherItems": "0", "incomeTaxExpense": "0", "totalOtherIncomeExpense": "3146000", "discontinuedOperations": "0", "netIncomeFromContinuingOperations": "-2624000", "netIncomeApplicableToCommonShares": "-2624000", "preferredStockAndOtherAdjustments": "None"}, {"fiscalDateEnding": "2016-06-30", "reportedCurrency": "USD", "totalRevenue": "214000", "totalOperatingExpense": "6929000", "costOfRevenue": "6748000", "grossProfit": "214000", "ebit": "-6702000", "netIncome": "-6703000", "researchAndDevelopment": "3018000", "effectOfAccountingCharges": "0", "incomeBeforeTax": "-6703000", "minorityInterest": "0", "sellingGeneralAdministrative": "3730000", "otherNonOperatingIncome": "13000", "operatingIncome": "-6715000", "otherOperatingExpense": "181000", "interestExpense": "1000", "taxProvision": "None", "interestIncome": "None", "netInterestIncome": "None", "extraordinaryItems": "0", "nonRecurring": "0", "otherItems": "0", "incomeTaxExpense": "0", "totalOtherIncomeExpense": "16000", "discontinuedOperations": "0", "netIncomeFromContinuingOperations": "-6703000", "netIncomeApplicableToCommonShares": "-6703000", "preferredStockAndOtherAdjustments": "None"}, {"fiscalDateEnding": "2016-03-31", "reportedCurrency": "USD", "totalRevenue": "235000", "totalOperatingExpense": "6395000", "costOfRevenue": "6221000", "grossProfit": "235000", "ebit": "-5542000", "netIncome": "-5544000", "researchAndDevelopment": "1855000", "effectOfAccountingCharges": "0", "incomeBeforeTax": "-5544000", "minorityInterest": "0", "sellingGeneralAdministrative": "4366000", "otherNonOperatingIncome": "618000", "operatingIncome": "-6160000", "otherOperatingExpense": "174000", "interestExpense": "2000", "taxProvision": "None", "interestIncome": "None", "netInterestIncome": "None", "extraordinaryItems": "0", "nonRecurring": "0", "otherItems": "0", "incomeTaxExpense": "0", "totalOtherIncomeExpense": "0", "discontinuedOperations": "0", "netIncomeFromContinuingOperations": "-5544000", "netIncomeApplicableToCommonShares": "-5544000", "preferredStockAndOtherAdjustments": "None"}, {"fiscalDateEnding": "2015-12-31", "reportedCurrency": "USD", "totalRevenue": "215000", "totalOperatingExpense": "-4750000", "costOfRevenue": "6318000", "grossProfit": "1040000", "ebit": "240000", "netIncome": "-14526000", "researchAndDevelopment": "2071000", "effectOfAccountingCharges": "0", "incomeBeforeTax": "-14526000", "minorityInterest": "0", "sellingGeneralAdministrative": "14320000", "otherNonOperatingIncome": "None", "operatingIncome": "-18546000", "otherOperatingExpense": "485000", "interestExpense": "-6000", "taxProvision": "None", "interestIncome": "None", "netInterestIncome": "None", "extraordinaryItems": "0", "nonRecurring": "0", "otherItems": "0", "incomeTaxExpense": "0", "totalOtherIncomeExpense": "4020000", "discontinuedOperations": "0", "netIncomeFromContinuingOperations": "146142000", "netIncomeApplicableToCommonShares": "163392000", "preferredStockAndOtherAdjustments": "None"}, {"fiscalDateEnding": "2015-09-30", "reportedCurrency": "USD", "totalRevenue": "285000", "totalOperatingExpense": "6449000", "costOfRevenue": "6298000", "grossProfit": "285000", "ebit": "-6072000", "netIncome": "-6073000", "researchAndDevelopment": "1581000", "effectOfAccountingCharges": "0", "incomeBeforeTax": "-6073000", "minorityInterest": "0", "sellingGeneralAdministrative": "4717000", "otherNonOperatingIncome": "92000", "operatingIncome": "-6164000", "otherOperatingExpense": "151000", "interestExpense": "1000", "taxProvision": "None", "interestIncome": "None", "netInterestIncome": "None", "extraordinaryItems": "0", "nonRecurring": "0", "otherItems": "0", "incomeTaxExpense": "0", "totalOtherIncomeExpense": "0", "discontinuedOperations": "0", "netIncomeFromContinuingOperations": "-6073000", "netIncomeApplicableToCommonShares": "-6073000", "preferredStockAndOtherAdjustments": "None"}, {"fiscalDateEnding": "2015-06-30", "reportedCurrency": "USD", "totalRevenue": "282000", "totalOperatingExpense": "4409000", "costOfRevenue": "4277000", "grossProfit": "282000", "ebit": "-4111000", "netIncome": "-4113000", "researchAndDevelopment": "610000", "effectOfAccountingCharges": "0", "incomeBeforeTax": "-4113000", "minorityInterest": "0", "sellingGeneralAdministrative": "3667000", "otherNonOperatingIncome": "16000", "operatingIncome": "-4127000", "otherOperatingExpense": "132000", "interestExpense": "2000", "taxProvision": "None", "interestIncome": "None", "netInterestIncome": "None", "extraordinaryItems": "0", "nonRecurring": "0", "otherItems": "0", "incomeTaxExpense": "0", "totalOtherIncomeExpense": "0", "discontinuedOperations": "0", "netIncomeFromContinuingOperations": "-4113000", "netIncomeApplicableToCommonShares": "-4113000", "preferredStockAndOtherAdjustments": "None"}]}