{"symbol": "ABEV", "annualReports": [{"fiscalDateEnding": "2019-12-31", "reportedCurrency": "BRL", "totalRevenue": "52599700000", "totalOperatingExpense": "36360400000", "costOfRevenue": "21678200000", "grossProfit": "30921500000", "ebit": "19443300000", "netIncome": "11780000000", "researchAndDevelopment": "0", "effectOfAccountingCharges": "0", "incomeBeforeTax": "12943100000", "minorityInterest": "1277980000", "sellingGeneralAdministrative": "15327500000", "otherNonOperatingIncome": "0", "operatingIncome": "16239300000", "otherOperatingExpense": "-847359000", "interestExpense": "1825000000", "taxProvision": "754700000", "interestIncome": "1068000000", "netInterestIncome": "-1057200000", "extraordinaryItems": "0", "nonRecurring": "0", "otherItems": "0", "incomeTaxExpense": "754673000", "totalOtherIncomeExpense": "-2239000000", "discontinuedOperations": "0", "netIncomeFromContinuingOperations": "12188400000", "netIncomeApplicableToCommonShares": "11779965000", "preferredStockAndOtherAdjustments": "0"}, {"fiscalDateEnding": "2018-12-31", "reportedCurrency": "BRL", "totalRevenue": "50231300000", "totalOperatingExpense": "33463300000", "costOfRevenue": "19269600000", "grossProfit": "30961700000", "ebit": "18714600000", "netIncome": "11024700000", "researchAndDevelopment": "0", "effectOfAccountingCharges": "0", "incomeBeforeTax": "13167000000", "minorityInterest": "1206801000", "sellingGeneralAdministrative": "14833200000", "otherNonOperatingIncome": "0", "operatingIncome": "16768000000", "otherOperatingExpense": "-977140000", "interestExpense": "1524500000", "taxProvision": "1789600000", "interestIncome": "454000000", "netInterestIncome": "-1623100000", "extraordinaryItems": "0", "nonRecurring": "0", "otherItems": "0", "incomeTaxExpense": "1773893000", "totalOtherIncomeExpense": "-1977900000", "discontinuedOperations": "0", "netIncomeFromContinuingOperations": "11377400000", "netIncomeApplicableToCommonShares": "10994961000", "preferredStockAndOtherAdjustments": "0"}, {"fiscalDateEnding": "2017-12-31", "reportedCurrency": "BRL", "totalRevenue": "47899300000", "totalOperatingExpense": "31634600000", "costOfRevenue": "18041800000", "grossProfit": "29857500000", "ebit": "18414700000", "netIncome": "7332000000", "researchAndDevelopment": "0", "effectOfAccountingCharges": "0", "incomeBeforeTax": "12929800000", "minorityInterest": "1974041000", "sellingGeneralAdministrative": "14539300000", "otherNonOperatingIncome": "0", "operatingIncome": "16264700000", "otherOperatingExpense": "-1126234000", "interestExpense": "1872800000", "taxProvision": "5079300000", "interestIncome": "458800000", "netInterestIncome": "-2659300000", "extraordinaryItems": "0", "nonRecurring": "0", "otherItems": "0", "incomeTaxExpense": "5079298000", "totalOtherIncomeExpense": "-675600000", "discontinuedOperations": "0", "netIncomeFromContinuingOperations": "7850500000", "netIncomeApplicableToCommonShares": "7331968000", "preferredStockAndOtherAdjustments": "0"}, {"fiscalDateEnding": "2016-12-31", "reportedCurrency": "BRL", "totalRevenue": "45602600000", "totalOperatingExpense": "29927000000", "costOfRevenue": "16678000000", "grossProfit": "28924600000", "ebit": "19178900000", "netIncome": "12546600000", "researchAndDevelopment": "0", "effectOfAccountingCharges": "0", "incomeBeforeTax": "13398400000", "minorityInterest": "1826300000", "sellingGeneralAdministrative": "14176600000", "otherNonOperatingIncome": "0", "operatingIncome": "15675600000", "otherOperatingExpense": "-1152200000", "interestExpense": "2268500000", "taxProvision": "315000000", "interestIncome": "513600000", "netInterestIncome": "-1952900000", "extraordinaryItems": "0", "nonRecurring": "0", "otherItems": "0", "incomeTaxExpense": "315000000", "totalOtherIncomeExpense": "-324300000", "discontinuedOperations": "0", "netIncomeFromContinuingOperations": "13083400000", "netIncomeApplicableToCommonShares": "12546600000", "preferredStockAndOtherAdjustments": "0"}, {"fiscalDateEnding": "2015-12-31", "reportedCurrency": "USD", "totalRevenue": "11795647343.97", "totalOperatingExpense": "7002398505.35", "costOfRevenue": "4055089880.83", "grossProfit": "7740557463.14", "ebit": "4793248838.62", "netIncome": "3136689557.67", "researchAndDevelopment": "0", "effectOfAccountingCharges": "0", "incomeBeforeTax": "4169208240.76", "minorityInterest": "505402948.90", "sellingGeneralAdministrative": "3422742880.23", "otherNonOperatingIncome": "0", "operatingIncome": "4793248838.62", "otherOperatingExpense": "-475434255.71", "interestExpense": "-261714805.09", "taxProvision": "None", "interestIncome": "None", "netInterestIncome": "None", "extraordinaryItems": "0", "nonRecurring": "0", "otherItems": "0", "incomeTaxExpense": "917541910.73", "totalOtherIncomeExpense": "-624040597.86", "discontinuedOperations": "0", "netIncomeFromContinuingOperations": "3251666330.03", "netIncomeApplicableToCommonShares": "3136689557.67", "preferredStockAndOtherAdjustments": "0"}], "quarterlyReports": [{"fiscalDateEnding": "2020-06-30", "reportedCurrency": "BRL", "totalRevenue": "11615330000", "totalOperatingExpense": "9600962000", "costOfRevenue": "5801877000", "grossProfit": "5813453000", "ebit": "2931948000", "netIncome": "1226799000", "researchAndDevelopment": "None", "effectOfAccountingCharges": "None", "incomeBeforeTax": "1108173000", "minorityInterest": "1609542000", "sellingGeneralAdministrative": "3832296000", "otherNonOperatingIncome": "None", "operatingIncome": "2014368000", "otherOperatingExpense": "-82135000", "interestExpense": "521584000", "taxProvision": "-163143000", "interestIncome": "149829000", "netInterestIncome": "-485880000", "extraordinaryItems": "None", "nonRecurring": "None", "otherItems": "None", "incomeTaxExpense": "-163143000", "totalOtherIncomeExpense": "-420165000", "discontinuedOperations": "None", "netIncomeFromContinuingOperations": "1271316000", "netIncomeApplicableToCommonShares": "1226799000", "preferredStockAndOtherAdjustments": "None"}, {"fiscalDateEnding": "2020-03-31", "reportedCurrency": "BRL", "totalRevenue": "12602597000", "totalOperatingExpense": "9646672000", "costOfRevenue": "5643189000", "grossProfit": "6959408000", "ebit": "3141848000", "netIncome": "1091784000", "researchAndDevelopment": "None", "effectOfAccountingCharges": "None", "incomeBeforeTax": "1490920000", "minorityInterest": "1749164000", "sellingGeneralAdministrative": "4072198000", "otherNonOperatingIncome": "None", "operatingIncome": "2955925000", "otherOperatingExpense": "-155318000", "interestExpense": "476916000", "taxProvision": "279668000", "interestIncome": "147575000", "netInterestIncome": "-387242000", "extraordinaryItems": "None", "nonRecurring": "None", "otherItems": "None", "incomeTaxExpense": "279668000", "totalOtherIncomeExpense": "-1077763000", "discontinuedOperations": "None", "netIncomeFromContinuingOperations": "1211252000", "netIncomeApplicableToCommonShares": "1091784000", "preferredStockAndOtherAdjustments": "None"}, {"fiscalDateEnding": "2019-12-31", "reportedCurrency": "BRL", "totalRevenue": "15856789000", "totalOperatingExpense": "10270860000", "costOfRevenue": "6379466000", "grossProfit": "9477323000", "ebit": "5499131000", "netIncome": "4099740000", "researchAndDevelopment": "0", "effectOfAccountingCharges": "0", "incomeBeforeTax": "3755143000", "minorityInterest": "1277980000", "sellingGeneralAdministrative": "4134831000", "otherNonOperatingIncome": "0", "operatingIncome": "5585929000", "otherOperatingExpense": "-315215000", "interestExpense": "479901000", "taxProvision": "-463903000", "interestIncome": "151197000", "netInterestIncome": "-482158000", "extraordinaryItems": "0", "nonRecurring": "0", "otherItems": "0", "incomeTaxExpense": "-463930000", "totalOtherIncomeExpense": "-1348628000", "discontinuedOperations": "0", "netIncomeFromContinuingOperations": "4219046000", "netIncomeApplicableToCommonShares": "4099705000", "preferredStockAndOtherAdjustments": "0"}, {"fiscalDateEnding": "2019-09-30", "reportedCurrency": "BRL", "totalRevenue": "11957652000", "totalOperatingExpense": "8875036000", "costOfRevenue": "5229732000", "grossProfit": "6727920000", "ebit": "4547812000", "netIncome": "2497677000", "researchAndDevelopment": "0", "effectOfAccountingCharges": "0", "incomeBeforeTax": "2826417000", "minorityInterest": "1269693000", "sellingGeneralAdministrative": "3710626000", "otherNonOperatingIncome": "0", "operatingIncome": "3082616000", "otherOperatingExpense": "-122953000", "interestExpense": "465938000", "taxProvision": "222032000", "interestIncome": "625879000", "netInterestIncome": "282288000", "extraordinaryItems": "0", "nonRecurring": "0", "otherItems": "0", "incomeTaxExpense": "222032000", "totalOtherIncomeExpense": "-538487000", "discontinuedOperations": "0", "netIncomeFromContinuingOperations": "2604385000", "netIncomeApplicableToCommonShares": "2497677000", "preferredStockAndOtherAdjustments": "0"}, {"fiscalDateEnding": "2019-06-30", "reportedCurrency": "BRL", "totalRevenue": "12145133000", "totalOperatingExpense": "8591930000", "costOfRevenue": "4961301000", "grossProfit": "7183832000", "ebit": "4513933000", "netIncome": "2520733000", "researchAndDevelopment": "0", "effectOfAccountingCharges": "0", "incomeBeforeTax": "2980011000", "minorityInterest": "1303586000", "sellingGeneralAdministrative": "3792518000", "otherNonOperatingIncome": "0", "operatingIncome": "3553203000", "otherOperatingExpense": "-180606000", "interestExpense": "424722000", "taxProvision": "364110000", "interestIncome": "155654000", "netInterestIncome": "-426562000", "extraordinaryItems": "0", "nonRecurring": "0", "otherItems": "0", "incomeTaxExpense": "364110000", "totalOtherIncomeExpense": "-146630000", "discontinuedOperations": "0", "netIncomeFromContinuingOperations": "2615901000", "netIncomeApplicableToCommonShares": "2520733000", "preferredStockAndOtherAdjustments": "0"}, {"fiscalDateEnding": "2019-03-31", "reportedCurrency": "BRL", "totalRevenue": "12640126000", "totalOperatingExpense": "8622574000", "costOfRevenue": "5107701000", "grossProfit": "7532425000", "ebit": "4860782000", "netIncome": "2661850000", "researchAndDevelopment": "0", "effectOfAccountingCharges": "0", "incomeBeforeTax": "3381529000", "minorityInterest": "1382121000", "sellingGeneralAdministrative": "3689525000", "otherNonOperatingIncome": "0", "operatingIncome": "4017552000", "otherOperatingExpense": "-228585000", "interestExpense": "432755000", "taxProvision": "632461000", "interestIncome": "135270000", "netInterestIncome": "-409084000", "extraordinaryItems": "0", "nonRecurring": "0", "otherItems": "0", "incomeTaxExpense": "632461000", "totalOtherIncomeExpense": "-226939000", "discontinuedOperations": "0", "netIncomeFromContinuingOperations": "2749068000", "netIncomeApplicableToCommonShares": "2661850000", "preferredStockAndOtherAdjustments": "0"}, {"fiscalDateEnding": "2018-12-31", "reportedCurrency": "USD", "totalRevenue": "4126925514.65", "totalOperatingExpense": "2515577255.04", "costOfRevenue": "1558994924.38", "grossProfit": "2567930590.27", "ebit": "1611348259.60", "netIncome": "865786720.94", "researchAndDevelopment": "0", "effectOfAccountingCharges": "0", "incomeBeforeTax": "1182959575.40", "minorityInterest": "310927008.99", "sellingGeneralAdministrative": "1012553268.23", "otherNonOperatingIncome": "0", "operatingIncome": "1611348259.60", "otherOperatingExpense": "-55970937.57", "interestExpense": "-91024914.33", "taxProvision": "None", "interestIncome": "None", "netInterestIncome": "None", "extraordinaryItems": "0", "nonRecurring": "0", "otherItems": "0", "incomeTaxExpense": "290596964.93", "totalOtherIncomeExpense": "-428388684.20", "discontinuedOperations": "0", "netIncomeFromContinuingOperations": "892362610.47", "netIncomeApplicableToCommonShares": "865786720.94", "preferredStockAndOtherAdjustments": "0"}, {"fiscalDateEnding": "2018-09-30", "reportedCurrency": "USD", "totalRevenue": "2753465568.30", "totalOperatingExpense": "1901545506.58", "costOfRevenue": "1087752918.05", "grossProfit": "1665712650.26", "ebit": "851920061.72", "netIncome": "704611632.36", "researchAndDevelopment": "0", "effectOfAccountingCharges": "0", "incomeBeforeTax": "685498121", "minorityInterest": "264951096.29", "sellingGeneralAdministrative": "873497424.16", "otherNonOperatingIncome": "0", "operatingIncome": "851920061.72", "otherOperatingExpense": "-59704835.62", "interestExpense": "-72870262.06", "taxProvision": "None", "interestIncome": "None", "netInterestIncome": "None", "extraordinaryItems": "0", "nonRecurring": "0", "otherItems": "0", "incomeTaxExpense": "-34269928.57", "totalOtherIncomeExpense": "-166421940.72", "discontinuedOperations": "0", "netIncomeFromContinuingOperations": "719768049.58", "netIncomeApplicableToCommonShares": "704611632.36", "preferredStockAndOtherAdjustments": "0"}, {"fiscalDateEnding": "2018-06-30", "reportedCurrency": "USD", "totalRevenue": "2941360848.45", "totalOperatingExpense": "2025133145.92", "costOfRevenue": "1121194224.38", "grossProfit": "1820166624.07", "ebit": "916227702.53", "netIncome": "592167646.31", "researchAndDevelopment": "0", "effectOfAccountingCharges": "0", "incomeBeforeTax": "665402248.91", "minorityInterest": "301249169.44", "sellingGeneralAdministrative": "965406082.29", "otherNonOperatingIncome": "None", "operatingIncome": "916227702.53", "otherOperatingExpense": "-61467160.75", "interestExpense": "-75288780.99", "taxProvision": "None", "interestIncome": "None", "netInterestIncome": "None", "extraordinaryItems": "0", "nonRecurring": "0", "otherItems": "0", "incomeTaxExpense": "45887554.31", "totalOtherIncomeExpense": "-250825453.62", "discontinuedOperations": "0", "netIncomeFromContinuingOperations": "619514694.61", "netIncomeApplicableToCommonShares": "592167646.31", "preferredStockAndOtherAdjustments": "None"}, {"fiscalDateEnding": "2018-03-31", "reportedCurrency": "USD", "totalRevenue": "3515408009.18", "totalOperatingExpense": "2377740094.23", "costOfRevenue": "1347169606.19", "grossProfit": "2168238403", "ebit": "1137667914.96", "netIncome": "759833897.08", "researchAndDevelopment": "0", "effectOfAccountingCharges": "0", "incomeBeforeTax": "971699685.91", "minorityInterest": "285221973.91", "sellingGeneralAdministrative": "1114977349.60", "otherNonOperatingIncome": "None", "operatingIncome": "1137667914.96", "otherOperatingExpense": "-84406861.56", "interestExpense": "-105118084.08", "taxProvision": "None", "interestIncome": "None", "netInterestIncome": "None", "extraordinaryItems": "0", "nonRecurring": "0", "otherItems": "0", "incomeTaxExpense": "187201920.75", "totalOtherIncomeExpense": "-165968229.04", "discontinuedOperations": "0", "netIncomeFromContinuingOperations": "784497765.16", "netIncomeApplicableToCommonShares": "759833897.08", "preferredStockAndOtherAdjustments": "None"}, {"fiscalDateEnding": "2017-12-31", "reportedCurrency": "USD", "totalRevenue": "4072512000", "totalOperatingExpense": "30461645000", "costOfRevenue": "1321622000", "grossProfit": "28698183000", "ebit": "15369453000", "netIncome": "882315000", "researchAndDevelopment": "0", "effectOfAccountingCharges": "0", "incomeBeforeTax": "1404458000", "minorityInterest": "49515000", "sellingGeneralAdministrative": "1117617000", "otherNonOperatingIncome": "None", "operatingIncome": "1633273000", "otherOperatingExpense": "-1049465000", "interestExpense": "118551000", "taxProvision": "None", "interestIncome": "None", "netInterestIncome": "None", "extraordinaryItems": "0", "nonRecurring": "0", "otherItems": "0", "incomeTaxExpense": "472628000", "totalOtherIncomeExpense": "-3311716000", "discontinuedOperations": "0", "netIncomeFromContinuingOperations": "9673845000", "netIncomeApplicableToCommonShares": "882315000", "preferredStockAndOtherAdjustments": "None"}, {"fiscalDateEnding": "2017-09-30", "reportedCurrency": "USD", "totalRevenue": "3882531000", "totalOperatingExpense": "9306502000", "costOfRevenue": "1532723000", "grossProfit": "8376881000", "ebit": "4977357000", "netIncome": "57138000", "researchAndDevelopment": "0", "effectOfAccountingCharges": "0", "incomeBeforeTax": "994785000", "minorityInterest": "45810000", "sellingGeneralAdministrative": "1207669000", "otherNonOperatingIncome": "None", "operatingIncome": "1142139000", "otherOperatingExpense": "-454634000", "interestExpense": "171290000", "taxProvision": "None", "interestIncome": "None", "netInterestIncome": "None", "extraordinaryItems": "0", "nonRecurring": "0", "otherItems": "0", "incomeTaxExpense": "891837000", "totalOtherIncomeExpense": "-1193898000", "discontinuedOperations": "0", "netIncomeFromContinuingOperations": "631484000", "netIncomeApplicableToCommonShares": "57138000", "preferredStockAndOtherAdjustments": "None"}, {"fiscalDateEnding": "2017-06-30", "reportedCurrency": "USD", "totalRevenue": "2952485000", "totalOperatingExpense": "-15968389000", "costOfRevenue": "1162787000", "grossProfit": "-13936228000", "ebit": "-7489073000", "netIncome": "578935000", "researchAndDevelopment": "0", "effectOfAccountingCharges": "0", "incomeBeforeTax": "673546000", "minorityInterest": "32546000", "sellingGeneralAdministrative": "979446000", "otherNonOperatingIncome": "None", "operatingIncome": "810252000", "otherOperatingExpense": "674101000", "interestExpense": "149107000", "taxProvision": "None", "interestIncome": "None", "netInterestIncome": "None", "extraordinaryItems": "0", "nonRecurring": "0", "otherItems": "0", "incomeTaxExpense": "62065000", "totalOtherIncomeExpense": "1949333000", "discontinuedOperations": "0", "netIncomeFromContinuingOperations": "-4744660000", "netIncomeApplicableToCommonShares": "578935000", "preferredStockAndOtherAdjustments": "None"}, {"fiscalDateEnding": "2017-03-31", "reportedCurrency": "USD", "totalRevenue": "3554384000", "totalOperatingExpense": "7732742000", "costOfRevenue": "1430107000", "grossProfit": "6718664000", "ebit": "3509063000", "netIncome": "695313000", "researchAndDevelopment": "0", "effectOfAccountingCharges": "0", "incomeBeforeTax": "831018000", "minorityInterest": "28676000", "sellingGeneralAdministrative": "1108449000", "otherNonOperatingIncome": "None", "operatingIncome": "1015828000", "otherOperatingExpense": "-296202000", "interestExpense": "189143000", "taxProvision": "None", "interestIncome": "None", "netInterestIncome": "None", "extraordinaryItems": "0", "nonRecurring": "0", "otherItems": "0", "incomeTaxExpense": "107029000", "totalOtherIncomeExpense": "-880719000", "discontinuedOperations": "0", "netIncomeFromContinuingOperations": "2289831000", "netIncomeApplicableToCommonShares": "695313000", "preferredStockAndOtherAdjustments": "None"}, {"fiscalDateEnding": "2016-12-31", "reportedCurrency": "USD", "totalRevenue": "4020514000", "totalOperatingExpense": "29462687000", "costOfRevenue": "1405124000", "grossProfit": "28018271000", "ebit": "14846125000", "netIncome": "1428918000", "researchAndDevelopment": "0", "effectOfAccountingCharges": "0", "incomeBeforeTax": "1641406000", "minorityInterest": "49261000", "sellingGeneralAdministrative": "1113482000", "otherNonOperatingIncome": "None", "operatingIncome": "1501908000", "otherOperatingExpense": "-1152200000", "interestExpense": "244273000", "taxProvision": "None", "interestIncome": "None", "netInterestIncome": "None", "extraordinaryItems": "0", "nonRecurring": "0", "otherItems": "0", "incomeTaxExpense": "163227000", "totalOtherIncomeExpense": "-2396200000", "discontinuedOperations": "0", "netIncomeFromContinuingOperations": "13083400000", "netIncomeApplicableToCommonShares": "1428918000", "preferredStockAndOtherAdjustments": "None"}, {"fiscalDateEnding": "2016-09-30", "reportedCurrency": "USD", "totalRevenue": "3140926000", "totalOperatingExpense": "7628313000", "costOfRevenue": "1267088000", "grossProfit": "9633329000", "ebit": "6418475000", "netIncome": "923850000", "researchAndDevelopment": "0", "effectOfAccountingCharges": "0", "incomeBeforeTax": "718075000", "minorityInterest": "36536000", "sellingGeneralAdministrative": "1043856000", "otherNonOperatingIncome": "None", "operatingIncome": "829982000", "otherOperatingExpense": "0", "interestExpense": "155552000", "taxProvision": "None", "interestIncome": "None", "netInterestIncome": "None", "extraordinaryItems": "0", "nonRecurring": "0", "otherItems": "0", "incomeTaxExpense": "-977483000", "totalOtherIncomeExpense": "0", "discontinuedOperations": "0", "netIncomeFromContinuingOperations": "0", "netIncomeApplicableToCommonShares": "923850000", "preferredStockAndOtherAdjustments": "None"}, {"fiscalDateEnding": "2016-06-30", "reportedCurrency": "USD", "totalRevenue": "3598553000", "totalOperatingExpense": "-14479000000", "costOfRevenue": "1338851000", "grossProfit": "-16332000000", "ebit": "-9839000000", "netIncome": "724529000", "researchAndDevelopment": "0", "effectOfAccountingCharges": "0", "incomeBeforeTax": "849084000", "minorityInterest": "43400000", "sellingGeneralAdministrative": "1211648000", "otherNonOperatingIncome": "None", "operatingIncome": "1048054000", "otherOperatingExpense": "0", "interestExpense": "155808000", "taxProvision": "None", "interestIncome": "None", "netInterestIncome": "None", "extraordinaryItems": "0", "nonRecurring": "0", "otherItems": "0", "incomeTaxExpense": "81155000", "totalOtherIncomeExpense": "0", "discontinuedOperations": "0", "netIncomeFromContinuingOperations": "0", "netIncomeApplicableToCommonShares": "724529000", "preferredStockAndOtherAdjustments": "None"}, {"fiscalDateEnding": "2016-03-31", "reportedCurrency": "USD", "totalRevenue": "3257774000", "totalOperatingExpense": "7196000000", "costOfRevenue": "1115582000", "grossProfit": "7605000000", "ebit": "4369000000", "netIncome": "779398000", "researchAndDevelopment": "0", "effectOfAccountingCharges": "0", "incomeBeforeTax": "909964000", "minorityInterest": "35810000", "sellingGeneralAdministrative": "1021214000", "otherNonOperatingIncome": "None", "operatingIncome": "1120978000", "otherOperatingExpense": "0", "interestExpense": "177830000", "taxProvision": "None", "interestIncome": "None", "netInterestIncome": "None", "extraordinaryItems": "0", "nonRecurring": "0", "otherItems": "0", "incomeTaxExpense": "94756000", "totalOtherIncomeExpense": "0", "discontinuedOperations": "0", "netIncomeFromContinuingOperations": "0", "netIncomeApplicableToCommonShares": "779398000", "preferredStockAndOtherAdjustments": "None"}, {"fiscalDateEnding": "2015-12-31", "reportedCurrency": "USD", "totalRevenue": "3855555000", "totalOperatingExpense": "27735100000", "costOfRevenue": "1242151000", "grossProfit": "30658800000", "ebit": "18985100000", "netIncome": "1047053000", "researchAndDevelopment": "0", "effectOfAccountingCharges": "0", "incomeBeforeTax": "1496963000", "minorityInterest": "26388000", "sellingGeneralAdministrative": "997543000", "otherNonOperatingIncome": "None", "operatingIncome": "1615861000", "otherOperatingExpense": "-1883100000", "interestExpense": "101889000", "taxProvision": "None", "interestIncome": "None", "netInterestIncome": "None", "extraordinaryItems": "0", "nonRecurring": "0", "otherItems": "0", "incomeTaxExpense": "423522000", "totalOtherIncomeExpense": "-2471700000", "discontinuedOperations": "0", "netIncomeFromContinuingOperations": "12879200000", "netIncomeApplicableToCommonShares": "1047053000", "preferredStockAndOtherAdjustments": "None"}, {"fiscalDateEnding": "2015-09-30", "reportedCurrency": "USD", "totalRevenue": "1296713000", "totalOperatingExpense": "0", "costOfRevenue": "439223000", "grossProfit": "0", "ebit": "0", "netIncome": "380763000", "researchAndDevelopment": "0", "effectOfAccountingCharges": "0", "incomeBeforeTax": "528128000", "minorityInterest": "13288000", "sellingGeneralAdministrative": "371941000", "otherNonOperatingIncome": "None", "operatingIncome": "485549000", "otherOperatingExpense": "0", "interestExpense": "58803000", "taxProvision": "None", "interestIncome": "None", "netInterestIncome": "None", "extraordinaryItems": "0", "nonRecurring": "0", "otherItems": "0", "incomeTaxExpense": "134077000", "totalOtherIncomeExpense": "0", "discontinuedOperations": "0", "netIncomeFromContinuingOperations": "0", "netIncomeApplicableToCommonShares": "380763000", "preferredStockAndOtherAdjustments": "None"}, {"fiscalDateEnding": "2015-06-30", "reportedCurrency": "USD", "totalRevenue": "3266008000", "totalOperatingExpense": "0", "costOfRevenue": "1240367000", "grossProfit": "0", "ebit": "0", "netIncome": "827399000", "researchAndDevelopment": "0", "effectOfAccountingCharges": "0", "incomeBeforeTax": "916439000", "minorityInterest": "27554000", "sellingGeneralAdministrative": "1036092000", "otherNonOperatingIncome": "None", "operatingIncome": "989549000", "otherOperatingExpense": "0", "interestExpense": "92768000", "taxProvision": "None", "interestIncome": "None", "netInterestIncome": "None", "extraordinaryItems": "0", "nonRecurring": "0", "otherItems": "0", "incomeTaxExpense": "61486000", "totalOtherIncomeExpense": "0", "discontinuedOperations": "0", "netIncomeFromContinuingOperations": "0", "netIncomeApplicableToCommonShares": "827399000", "preferredStockAndOtherAdjustments": "None"}]}