{"symbol": "ABM", "annualReports": [{"fiscalDateEnding": "2019-10-31", "reportedCurrency": "USD", "totalRevenue": "6498600000", "totalOperatingExpense": "522600000", "costOfRevenue": "5767500000", "grossProfit": "731100000", "ebit": "211300000", "netIncome": "127400000", "researchAndDevelopment": "None", "effectOfAccountingCharges": "None", "incomeBeforeTax": "160200000", "minorityInterest": "None", "sellingGeneralAdministrative": "452900000", "otherNonOperatingIncome": "3000000", "operatingIncome": "208300000", "otherOperatingExpense": "58500000", "interestExpense": "51100000", "taxProvision": "32700000", "interestIncome": "-48100000", "netInterestIncome": "-51100000", "extraordinaryItems": "None", "nonRecurring": "11200000", "otherItems": "None", "incomeTaxExpense": "32700000", "totalOtherIncomeExpense": "-8200000", "discontinuedOperations": "-100000", "netIncomeFromContinuingOperations": "127500000", "netIncomeApplicableToCommonShares": "127400000", "preferredStockAndOtherAdjustments": "None"}, {"fiscalDateEnding": "2018-10-31", "reportedCurrency": "USD", "totalRevenue": "6442200000", "totalOperatingExpense": "556200000", "costOfRevenue": "5747400000", "grossProfit": "694800000", "ebit": "141800000", "netIncome": "97800000", "researchAndDevelopment": "0", "effectOfAccountingCharges": "None", "incomeBeforeTax": "87700000", "minorityInterest": "None", "sellingGeneralAdministrative": "438000000", "otherNonOperatingIncome": "3200000", "operatingIncome": "138600000", "otherOperatingExpense": "92500000", "interestExpense": "54100000", "taxProvision": "-8200000", "interestIncome": "-50900000", "netInterestIncome": "-54100000", "extraordinaryItems": "26900000", "nonRecurring": "25700000", "otherItems": "None", "incomeTaxExpense": "-8200000", "totalOtherIncomeExpense": "-49000000", "discontinuedOperations": "1800000", "netIncomeFromContinuingOperations": "95900000", "netIncomeApplicableToCommonShares": "97800000", "preferredStockAndOtherAdjustments": "None"}, {"fiscalDateEnding": "2017-10-31", "reportedCurrency": "USD", "totalRevenue": "5453600000", "totalOperatingExpense": "470600000", "costOfRevenue": "4881200000", "grossProfit": "572400000", "ebit": "106100000", "netIncome": "3800000", "researchAndDevelopment": "0", "effectOfAccountingCharges": "None", "incomeBeforeTax": "86900000", "minorityInterest": "None", "sellingGeneralAdministrative": "436600000", "otherNonOperatingIncome": "4200000", "operatingIncome": "101900000", "otherOperatingExpense": "13100000", "interestExpense": "19200000", "taxProvision": "8800000", "interestIncome": "-15000000", "netInterestIncome": "-19200000", "extraordinaryItems": "-74300000", "nonRecurring": "20900000", "otherItems": "None", "incomeTaxExpense": "8800000", "totalOtherIncomeExpense": "1800000", "discontinuedOperations": "-74300000", "netIncomeFromContinuingOperations": "78100000", "netIncomeApplicableToCommonShares": "3800000", "preferredStockAndOtherAdjustments": "None"}, {"fiscalDateEnding": "2016-10-31", "reportedCurrency": "USD", "totalRevenue": "5144700000", "totalOperatingExpense": "466600000", "costOfRevenue": "4623400000", "grossProfit": "521300000", "ebit": "62300000", "netIncome": "57200000", "researchAndDevelopment": "0", "effectOfAccountingCharges": "None", "incomeBeforeTax": "51900000", "minorityInterest": "None", "sellingGeneralAdministrative": "390100000", "otherNonOperatingIncome": "7600000", "operatingIncome": "54700000", "otherOperatingExpense": "25000000", "interestExpense": "10400000", "taxProvision": "-10400000", "interestIncome": "-2800000", "netInterestIncome": "-10400000", "extraordinaryItems": "-5100000", "nonRecurring": "51500000", "otherItems": "None", "incomeTaxExpense": "-10400000", "totalOtherIncomeExpense": "-43900000", "discontinuedOperations": "-5100000", "netIncomeFromContinuingOperations": "62300000", "netIncomeApplicableToCommonShares": "57200000", "preferredStockAndOtherAdjustments": "None"}, {"fiscalDateEnding": "2015-10-31", "reportedCurrency": "USD", "totalRevenue": "4897800000", "totalOperatingExpense": "414200000", "costOfRevenue": "4410000000", "grossProfit": "487800000", "ebit": "82600000", "netIncome": "76300000", "researchAndDevelopment": "0", "effectOfAccountingCharges": "None", "incomeBeforeTax": "72400000", "minorityInterest": "None", "sellingGeneralAdministrative": "390000000", "otherNonOperatingIncome": "9000000", "operatingIncome": "73600000", "otherOperatingExpense": "24200000", "interestExpense": "10200000", "taxProvision": "18300000", "interestIncome": "-1200000", "netInterestIncome": "None", "extraordinaryItems": "22200000", "nonRecurring": "12700000", "otherItems": "None", "incomeTaxExpense": "18300000", "totalOtherIncomeExpense": "-18500000", "discontinuedOperations": "22200000", "netIncomeFromContinuingOperations": "54100000", "netIncomeApplicableToCommonShares": "76300000", "preferredStockAndOtherAdjustments": "None"}], "quarterlyReports": [{"fiscalDateEnding": "2020-04-30", "reportedCurrency": "USD", "totalRevenue": "1496000000", "totalOperatingExpense": "306500000", "costOfRevenue": "1306100000", "grossProfit": "189900000", "ebit": "-115800000", "netIncome": "-136800000", "researchAndDevelopment": "None", "effectOfAccountingCharges": "None", "incomeBeforeTax": "-126200000", "minorityInterest": "None", "sellingGeneralAdministrative": "119400000", "otherNonOperatingIncome": "900000", "operatingIncome": "-116700000", "otherOperatingExpense": "12500000", "interestExpense": "10500000", "taxProvision": "10600000", "interestIncome": "-9600000", "netInterestIncome": "-10500000", "extraordinaryItems": "None", "nonRecurring": "174600000", "otherItems": "None", "incomeTaxExpense": "10600000", "totalOtherIncomeExpense": "-173700000", "discontinuedOperations": "None", "netIncomeFromContinuingOperations": "-136800000", "netIncomeApplicableToCommonShares": "-136800000", "preferredStockAndOtherAdjustments": "None"}, {"fiscalDateEnding": "2020-01-31", "reportedCurrency": "USD", "totalRevenue": "1612900000", "totalOperatingExpense": "133300000", "costOfRevenue": "1433700000", "grossProfit": "179200000", "ebit": "46700000", "netIncome": "28000000", "researchAndDevelopment": "None", "effectOfAccountingCharges": "None", "incomeBeforeTax": "36500000", "minorityInterest": "None", "sellingGeneralAdministrative": "117600000", "otherNonOperatingIncome": "900000", "operatingIncome": "45800000", "otherOperatingExpense": "12600000", "interestExpense": "10200000", "taxProvision": "8600000", "interestIncome": "-9300000", "netInterestIncome": "-10200000", "extraordinaryItems": "-100000", "nonRecurring": "3100000", "otherItems": "None", "incomeTaxExpense": "8600000", "totalOtherIncomeExpense": "-2200000", "discontinuedOperations": "100000", "netIncomeFromContinuingOperations": "27900000", "netIncomeApplicableToCommonShares": "28000000", "preferredStockAndOtherAdjustments": "None"}, {"fiscalDateEnding": "2019-10-31", "reportedCurrency": "USD", "totalRevenue": "1648100000", "totalOperatingExpense": "128300000", "costOfRevenue": "1453200000", "grossProfit": "194900000", "ebit": "66800000", "netIncome": "47900000", "researchAndDevelopment": "None", "effectOfAccountingCharges": "None", "incomeBeforeTax": "54900000", "minorityInterest": "None", "sellingGeneralAdministrative": "112000000", "otherNonOperatingIncome": "600000", "operatingIncome": "66200000", "otherOperatingExpense": "13600000", "interestExpense": "11900000", "taxProvision": "6900000", "interestIncome": "-11300000", "netInterestIncome": "-11900000", "extraordinaryItems": "None", "nonRecurring": "2700000", "otherItems": "None", "incomeTaxExpense": "6900000", "totalOtherIncomeExpense": "-2100000", "discontinuedOperations": "-100000", "netIncomeFromContinuingOperations": "48000000", "netIncomeApplicableToCommonShares": "47900000", "preferredStockAndOtherAdjustments": "None"}, {"fiscalDateEnding": "2019-07-31", "reportedCurrency": "USD", "totalRevenue": "1647900000", "totalOperatingExpense": "136700000", "costOfRevenue": "1454100000", "grossProfit": "193800000", "ebit": "58000000", "netIncome": "36800000", "researchAndDevelopment": "None", "effectOfAccountingCharges": "None", "incomeBeforeTax": "45000000", "minorityInterest": "None", "sellingGeneralAdministrative": "119800000", "otherNonOperatingIncome": "700000", "operatingIncome": "57300000", "otherOperatingExpense": "14900000", "interestExpense": "12900000", "taxProvision": "8500000", "interestIncome": "-12200000", "netInterestIncome": "-12900000", "extraordinaryItems": "200000", "nonRecurring": "2000000", "otherItems": "None", "incomeTaxExpense": "8500000", "totalOtherIncomeExpense": "-1300000", "discontinuedOperations": "200000", "netIncomeFromContinuingOperations": "36500000", "netIncomeApplicableToCommonShares": "36800000", "preferredStockAndOtherAdjustments": "None"}, {"fiscalDateEnding": "2019-04-30", "reportedCurrency": "USD", "totalRevenue": "1594700000", "totalOperatingExpense": "125900000", "costOfRevenue": "1414200000", "grossProfit": "180500000", "ebit": "55300000", "netIncome": "29700000", "researchAndDevelopment": "None", "effectOfAccountingCharges": "None", "incomeBeforeTax": "42500000", "minorityInterest": "None", "sellingGeneralAdministrative": "108400000", "otherNonOperatingIncome": "800000", "operatingIncome": "54500000", "otherOperatingExpense": "14800000", "interestExpense": "12800000", "taxProvision": "12600000", "interestIncome": "-12000000", "netInterestIncome": "-12800000", "extraordinaryItems": "-200000", "nonRecurring": "2700000", "otherItems": "None", "incomeTaxExpense": "12600000", "totalOtherIncomeExpense": "-1900000", "discontinuedOperations": "-200000", "netIncomeFromContinuingOperations": "29900000", "netIncomeApplicableToCommonShares": "29700000", "preferredStockAndOtherAdjustments": "None"}, {"fiscalDateEnding": "2019-01-31", "reportedCurrency": "USD", "totalRevenue": "1607900000", "totalOperatingExpense": "131700000", "costOfRevenue": "1446000000", "grossProfit": "161900000", "ebit": "31200000", "netIncome": "13000000", "researchAndDevelopment": "0", "effectOfAccountingCharges": "None", "incomeBeforeTax": "17800000", "minorityInterest": "None", "sellingGeneralAdministrative": "112700000", "otherNonOperatingIncome": "900000", "operatingIncome": "30300000", "otherOperatingExpense": "15200000", "interestExpense": "13500000", "taxProvision": "4700000", "interestIncome": "None", "netInterestIncome": "None", "extraordinaryItems": "-100000", "nonRecurring": "3800000", "otherItems": "None", "incomeTaxExpense": "4700000", "totalOtherIncomeExpense": "-2900000", "discontinuedOperations": "-100000", "netIncomeFromContinuingOperations": "13100000", "netIncomeApplicableToCommonShares": "13000000", "preferredStockAndOtherAdjustments": "None"}, {"fiscalDateEnding": "2018-10-31", "reportedCurrency": "USD", "totalRevenue": "1648800000", "totalOperatingExpense": "157400000", "costOfRevenue": "1465600000", "grossProfit": "183200000", "ebit": "26400000", "netIncome": "9800000", "researchAndDevelopment": "0", "effectOfAccountingCharges": "0", "incomeBeforeTax": "13300000", "minorityInterest": "0", "sellingGeneralAdministrative": "111200000", "otherNonOperatingIncome": "700000", "operatingIncome": "25700000", "otherOperatingExpense": "43000000", "interestExpense": "13100000", "taxProvision": "None", "interestIncome": "None", "netInterestIncome": "None", "extraordinaryItems": "4400000", "nonRecurring": "3200000", "otherItems": "0", "incomeTaxExpense": "4500000", "totalOtherIncomeExpense": "-47200000", "discontinuedOperations": "800000", "netIncomeFromContinuingOperations": "8800000", "netIncomeApplicableToCommonShares": "9800000", "preferredStockAndOtherAdjustments": "None"}, {"fiscalDateEnding": "2018-07-31", "reportedCurrency": "USD", "totalRevenue": "1624300000", "totalOperatingExpense": "129500000", "costOfRevenue": "1446700000", "grossProfit": "177600000", "ebit": "49100000", "netIncome": "33600000", "researchAndDevelopment": "0", "effectOfAccountingCharges": "0", "incomeBeforeTax": "36100000", "minorityInterest": "0", "sellingGeneralAdministrative": "110000000", "otherNonOperatingIncome": "1000000", "operatingIncome": "48100000", "otherOperatingExpense": "16600000", "interestExpense": "12900000", "taxProvision": "None", "interestIncome": "None", "netInterestIncome": "None", "extraordinaryItems": "0", "nonRecurring": "2900000", "otherItems": "0", "incomeTaxExpense": "2400000", "totalOtherIncomeExpense": "-18700000", "discontinuedOperations": "-100000", "netIncomeFromContinuingOperations": "33700000", "netIncomeApplicableToCommonShares": "33600000", "preferredStockAndOtherAdjustments": "None"}, {"fiscalDateEnding": "2018-04-30", "reportedCurrency": "USD", "totalRevenue": "1580800000", "totalOperatingExpense": "129800000", "costOfRevenue": "1405800000", "grossProfit": "175000000", "ebit": "46300000", "netIncome": "26600000", "researchAndDevelopment": "0", "effectOfAccountingCharges": "0", "incomeBeforeTax": "32500000", "minorityInterest": "0", "sellingGeneralAdministrative": "107800000", "otherNonOperatingIncome": "1000000", "operatingIncome": "45300000", "otherOperatingExpense": "16700000", "interestExpense": "13800000", "taxProvision": "None", "interestIncome": "None", "netInterestIncome": "None", "extraordinaryItems": "0", "nonRecurring": "5300000", "otherItems": "0", "incomeTaxExpense": "7100000", "totalOtherIncomeExpense": "-21100000", "discontinuedOperations": "1200000", "netIncomeFromContinuingOperations": "25400000", "netIncomeApplicableToCommonShares": "26600000", "preferredStockAndOtherAdjustments": "None"}, {"fiscalDateEnding": "2018-01-31", "reportedCurrency": "USD", "totalRevenue": "1588300000", "totalOperatingExpense": "139500000", "costOfRevenue": "1429300000", "grossProfit": "159000000", "ebit": "20000000", "netIncome": "27800000", "researchAndDevelopment": "0", "effectOfAccountingCharges": "0", "incomeBeforeTax": "5800000", "minorityInterest": "0", "sellingGeneralAdministrative": "109000000", "otherNonOperatingIncome": "500000", "operatingIncome": "19500000", "otherOperatingExpense": "16200000", "interestExpense": "14300000", "taxProvision": "None", "interestIncome": "None", "netInterestIncome": "None", "extraordinaryItems": "0", "nonRecurring": "14300000", "otherItems": "0", "incomeTaxExpense": "-22200000", "totalOtherIncomeExpense": "-28100000", "discontinuedOperations": "-100000", "netIncomeFromContinuingOperations": "28000000", "netIncomeApplicableToCommonShares": "27800000", "preferredStockAndOtherAdjustments": "None"}, {"fiscalDateEnding": "2017-10-31", "reportedCurrency": "USD", "totalRevenue": "1498000000", "totalOperatingExpense": "156400000", "costOfRevenue": "1337000000", "grossProfit": "161000000", "ebit": "5200000", "netIncome": "-3600000", "researchAndDevelopment": "0", "effectOfAccountingCharges": "0", "incomeBeforeTax": "-5000000", "minorityInterest": "0", "sellingGeneralAdministrative": "137300000", "otherNonOperatingIncome": "700000", "operatingIncome": "4500000", "otherOperatingExpense": "14200000", "interestExpense": "10200000", "taxProvision": "None", "interestIncome": "None", "netInterestIncome": "None", "extraordinaryItems": "0", "nonRecurring": "4900000", "otherItems": "0", "incomeTaxExpense": "-2500000", "totalOtherIncomeExpense": "-48500000", "discontinuedOperations": "1018500000", "netIncomeFromContinuingOperations": "-2500000", "netIncomeApplicableToCommonShares": "-3600000", "preferredStockAndOtherAdjustments": "None"}, {"fiscalDateEnding": "2017-07-31", "reportedCurrency": "USD", "totalRevenue": "1318400000", "totalOperatingExpense": "111500000", "costOfRevenue": "1184500000", "grossProfit": "133900000", "ebit": "23800000", "netIncome": "32900000", "researchAndDevelopment": "0", "effectOfAccountingCharges": "0", "incomeBeforeTax": "21000000", "minorityInterest": "0", "sellingGeneralAdministrative": "101300000", "otherNonOperatingIncome": "1200000", "operatingIncome": "22600000", "otherOperatingExpense": "5000000", "interestExpense": "2800000", "taxProvision": "None", "interestIncome": "None", "netInterestIncome": "None", "extraordinaryItems": "0", "nonRecurring": "5200000", "otherItems": "0", "incomeTaxExpense": "-11900000", "totalOtherIncomeExpense": "0", "discontinuedOperations": "-1529900000", "netIncomeFromContinuingOperations": "32900000", "netIncomeApplicableToCommonShares": "32900000", "preferredStockAndOtherAdjustments": "None"}, {"fiscalDateEnding": "2017-04-30", "reportedCurrency": "USD", "totalRevenue": "1310500000", "totalOperatingExpense": "94900000", "costOfRevenue": "1164600000", "grossProfit": "145900000", "ebit": "51900000", "netIncome": "31300000", "researchAndDevelopment": "0", "effectOfAccountingCharges": "0", "incomeBeforeTax": "48900000", "minorityInterest": "0", "sellingGeneralAdministrative": "100700000", "otherNonOperatingIncome": "900000", "operatingIncome": "51000000", "otherOperatingExpense": "-11600000", "interestExpense": "3000000", "taxProvision": "None", "interestIncome": "None", "netInterestIncome": "None", "extraordinaryItems": "0", "nonRecurring": "5800000", "otherItems": "0", "incomeTaxExpense": "17300000", "totalOtherIncomeExpense": "0", "discontinuedOperations": "510000000", "netIncomeFromContinuingOperations": "31600000", "netIncomeApplicableToCommonShares": "31300000", "preferredStockAndOtherAdjustments": "None"}, {"fiscalDateEnding": "2017-01-31", "reportedCurrency": "USD", "totalRevenue": "1326700000", "totalOperatingExpense": "107800000", "costOfRevenue": "1195100000", "grossProfit": "131600000", "ebit": "25200000", "netIncome": "-56800000", "researchAndDevelopment": "0", "effectOfAccountingCharges": "0", "incomeBeforeTax": "22000000", "minorityInterest": "0", "sellingGeneralAdministrative": "97300000", "otherNonOperatingIncome": "1400000", "operatingIncome": "23800000", "otherOperatingExpense": "5500000", "interestExpense": "3200000", "taxProvision": "None", "interestIncome": "None", "netInterestIncome": "None", "extraordinaryItems": "0", "nonRecurring": "5000000", "otherItems": "0", "incomeTaxExpense": "5900000", "totalOtherIncomeExpense": "0", "discontinuedOperations": "-72900000", "netIncomeFromContinuingOperations": "16100000", "netIncomeApplicableToCommonShares": "-56800000", "preferredStockAndOtherAdjustments": "None"}, {"fiscalDateEnding": "2016-10-31", "reportedCurrency": "USD", "totalRevenue": "1322300000", "totalOperatingExpense": "133400000", "costOfRevenue": "1178100000", "grossProfit": "144200000", "ebit": "13000000", "netIncome": "7700000", "researchAndDevelopment": "0", "effectOfAccountingCharges": "0", "incomeBeforeTax": "10300000", "minorityInterest": "0", "sellingGeneralAdministrative": "95000000", "otherNonOperatingIncome": "2200000", "operatingIncome": "10800000", "otherOperatingExpense": "6200000", "interestExpense": "2700000", "taxProvision": "None", "interestIncome": "None", "netInterestIncome": "None", "extraordinaryItems": "0", "nonRecurring": "32200000", "otherItems": "0", "incomeTaxExpense": "1300000", "totalOtherIncomeExpense": "-59500000", "discontinuedOperations": "-17600000", "netIncomeFromContinuingOperations": "9000000", "netIncomeApplicableToCommonShares": "7700000", "preferredStockAndOtherAdjustments": "None"}, {"fiscalDateEnding": "2016-07-31", "reportedCurrency": "USD", "totalRevenue": "1296900000", "totalOperatingExpense": "111900000", "costOfRevenue": "1166500000", "grossProfit": "130400000", "ebit": "20600000", "netIncome": "31100000", "researchAndDevelopment": "0", "effectOfAccountingCharges": "0", "incomeBeforeTax": "18000000", "minorityInterest": "0", "sellingGeneralAdministrative": "102800000", "otherNonOperatingIncome": "2100000", "operatingIncome": "18500000", "otherOperatingExpense": "5800000", "interestExpense": "2600000", "taxProvision": "None", "interestIncome": "None", "netInterestIncome": "None", "extraordinaryItems": "0", "nonRecurring": "3300000", "otherItems": "0", "incomeTaxExpense": "-14900000", "totalOtherIncomeExpense": "0", "discontinuedOperations": "14900000", "netIncomeFromContinuingOperations": "32900000", "netIncomeApplicableToCommonShares": "31100000", "preferredStockAndOtherAdjustments": "None"}, {"fiscalDateEnding": "2016-04-30", "reportedCurrency": "USD", "totalRevenue": "1257100000", "totalOperatingExpense": "112900000", "costOfRevenue": "1132400000", "grossProfit": "124700000", "ebit": "12700000", "netIncome": "4400000", "researchAndDevelopment": "0", "effectOfAccountingCharges": "0", "incomeBeforeTax": "10300000", "minorityInterest": "0", "sellingGeneralAdministrative": "97500000", "otherNonOperatingIncome": "900000", "operatingIncome": "11800000", "otherOperatingExpense": "6600000", "interestExpense": "2400000", "taxProvision": "None", "interestIncome": "None", "netInterestIncome": "None", "extraordinaryItems": "0", "nonRecurring": "8800000", "otherItems": "0", "incomeTaxExpense": "3500000", "totalOtherIncomeExpense": "0", "discontinuedOperations": "-2400000", "netIncomeFromContinuingOperations": "6800000", "netIncomeApplicableToCommonShares": "4400000", "preferredStockAndOtherAdjustments": "None"}, {"fiscalDateEnding": "2016-01-31", "reportedCurrency": "USD", "totalRevenue": "1268400000", "totalOperatingExpense": "108400000", "costOfRevenue": "1146400000", "grossProfit": "122000000", "ebit": "16000000", "netIncome": "14000000", "researchAndDevelopment": "0", "effectOfAccountingCharges": "0", "incomeBeforeTax": "13300000", "minorityInterest": "0", "sellingGeneralAdministrative": "94800000", "otherNonOperatingIncome": "2400000", "operatingIncome": "13600000", "otherOperatingExpense": "6400000", "interestExpense": "2700000", "taxProvision": "None", "interestIncome": "None", "netInterestIncome": "None", "extraordinaryItems": "0", "nonRecurring": "7200000", "otherItems": "0", "incomeTaxExpense": "-300000", "totalOtherIncomeExpense": "0", "discontinuedOperations": "0", "netIncomeFromContinuingOperations": "13600000", "netIncomeApplicableToCommonShares": "14000000", "preferredStockAndOtherAdjustments": "None"}, {"fiscalDateEnding": "2015-10-31", "reportedCurrency": "USD", "totalRevenue": "989500000", "totalOperatingExpense": "100000000", "costOfRevenue": "858600000", "grossProfit": "130900000", "ebit": "33600000", "netIncome": "38800000", "researchAndDevelopment": "0", "effectOfAccountingCharges": "0", "incomeBeforeTax": "31000000", "minorityInterest": "0", "sellingGeneralAdministrative": "94300000", "otherNonOperatingIncome": "2700000", "operatingIncome": "30900000", "otherOperatingExpense": "5700000", "interestExpense": "2600000", "taxProvision": "None", "interestIncome": "None", "netInterestIncome": "None", "extraordinaryItems": "0", "nonRecurring": "12700000", "otherItems": "0", "incomeTaxExpense": "14400000", "totalOtherIncomeExpense": "-18500000", "discontinuedOperations": "22200000", "netIncomeFromContinuingOperations": "16600000", "netIncomeApplicableToCommonShares": "38800000", "preferredStockAndOtherAdjustments": "None"}, {"fiscalDateEnding": "2015-07-31", "reportedCurrency": "USD", "totalRevenue": "1348800000", "totalOperatingExpense": "105100000", "costOfRevenue": "1251000000", "grossProfit": "97800000", "ebit": "-4700000", "netIncome": "1500000", "researchAndDevelopment": "0", "effectOfAccountingCharges": "0", "incomeBeforeTax": "-7100000", "minorityInterest": "0", "sellingGeneralAdministrative": "98800000", "otherNonOperatingIncome": "2600000", "operatingIncome": "-7300000", "otherOperatingExpense": "6300000", "interestExpense": "2400000", "taxProvision": "None", "interestIncome": "None", "netInterestIncome": "None", "extraordinaryItems": "0", "nonRecurring": "0", "otherItems": "0", "incomeTaxExpense": "-8600000", "totalOtherIncomeExpense": "0", "discontinuedOperations": "0", "netIncomeFromContinuingOperations": "1500000", "netIncomeApplicableToCommonShares": "1500000", "preferredStockAndOtherAdjustments": "None"}, {"fiscalDateEnding": "2015-04-30", "reportedCurrency": "USD", "totalRevenue": "1270100000", "totalOperatingExpense": "100100000", "costOfRevenue": "1139200000", "grossProfit": "130900000", "ebit": "33000000", "netIncome": "18300000", "researchAndDevelopment": "0", "effectOfAccountingCharges": "0", "incomeBeforeTax": "30500000", "minorityInterest": "0", "sellingGeneralAdministrative": "94100000", "otherNonOperatingIncome": "2200000", "operatingIncome": "30800000", "otherOperatingExpense": "6000000", "interestExpense": "2500000", "taxProvision": "None", "interestIncome": "None", "netInterestIncome": "None", "extraordinaryItems": "0", "nonRecurring": "0", "otherItems": "0", "incomeTaxExpense": "12200000", "totalOtherIncomeExpense": "0", "discontinuedOperations": "0", "netIncomeFromContinuingOperations": "18300000", "netIncomeApplicableToCommonShares": "18300000", "preferredStockAndOtherAdjustments": "None"}]}