{"symbol": "ABR", "annualReports": [{"fiscalDateEnding": "2019-12-31", "reportedCurrency": "USD", "totalRevenue": "219845000", "totalOperatingExpense": "182308000", "costOfRevenue": "-10220000", "grossProfit": "230065000", "ebit": "50953000", "netIncome": "138848000", "researchAndDevelopment": "None", "effectOfAccountingCharges": "None", "incomeBeforeTax": "180494000", "minorityInterest": "26610000", "sellingGeneralAdministrative": "-122102000", "otherNonOperatingIncome": "3196000", "operatingIncome": "47757000", "otherOperatingExpense": "-7510000", "interestExpense": "-129541000", "taxProvision": "15036000", "interestIncome": "315940000", "netInterestIncome": "129541000", "extraordinaryItems": "None", "nonRecurring": "-1000000", "otherItems": "None", "incomeTaxExpense": "15036000", "totalOtherIncomeExpense": "-19229000", "discontinuedOperations": "None", "netIncomeFromContinuingOperations": "165458000", "netIncomeApplicableToCommonShares": "121074000", "preferredStockAndOtherAdjustments": "7554000"}, {"fiscalDateEnding": "2018-12-31", "reportedCurrency": "USD", "totalRevenue": "233131000", "totalOperatingExpense": "169454000", "costOfRevenue": "153818000", "grossProfit": "233131000", "ebit": "59832000", "netIncome": "115866000", "researchAndDevelopment": "0", "effectOfAccountingCharges": "None", "incomeBeforeTax": "157782000", "minorityInterest": "32185000", "sellingGeneralAdministrative": "147544000", "otherNonOperatingIncome": "-3845000", "operatingIncome": "63677000", "otherOperatingExpense": "30080000", "interestExpense": "-97950000", "taxProvision": "9731000", "interestIncome": "251768000", "netInterestIncome": "97950000", "extraordinaryItems": "None", "nonRecurring": "-8170000", "otherItems": "None", "incomeTaxExpense": "9731000", "totalOtherIncomeExpense": "-18733000", "discontinuedOperations": "None", "netIncomeFromContinuingOperations": "148051000", "netIncomeApplicableToCommonShares": "108312000", "preferredStockAndOtherAdjustments": "7554000"}, {"fiscalDateEnding": "2017-12-31", "reportedCurrency": "USD", "totalRevenue": "190487000", "totalOperatingExpense": "149889000", "costOfRevenue": "96745000", "grossProfit": "190487000", "ebit": "44763000", "netIncome": "73389000", "researchAndDevelopment": "0", "effectOfAccountingCharges": "None", "incomeBeforeTax": "110868000", "minorityInterest": "24120000", "sellingGeneralAdministrative": "133346000", "otherNonOperatingIncome": "4165000", "operatingIncome": "40598000", "otherOperatingExpense": "13343000", "interestExpense": "-66105000", "taxProvision": "13359000", "interestIncome": "156177000", "netInterestIncome": "66105000", "extraordinaryItems": "5300000", "nonRecurring": "3200000", "otherItems": "None", "incomeTaxExpense": "13359000", "totalOtherIncomeExpense": "-11667000", "discontinuedOperations": "None", "netIncomeFromContinuingOperations": "97509000", "netIncomeApplicableToCommonShares": "65835000", "preferredStockAndOtherAdjustments": "7554000"}, {"fiscalDateEnding": "2016-12-31", "reportedCurrency": "USD", "totalRevenue": "94511341", "totalOperatingExpense": "110919866", "costOfRevenue": "76222770", "grossProfit": "94511341", "ebit": "8216769", "netIncome": "50349852", "researchAndDevelopment": "0", "effectOfAccountingCharges": "None", "incomeBeforeTax": "63305893", "minorityInterest": "12131041", "sellingGeneralAdministrative": "69735342", "otherNonOperatingIncome": "24625294", "operatingIncome": "-16408525", "otherOperatingExpense": "19722622", "interestExpense": "-55089124", "taxProvision": "825000", "interestIncome": "118711895", "netInterestIncome": "55089124", "extraordinaryItems": "None", "nonRecurring": "21461902", "otherItems": "None", "incomeTaxExpense": "825000", "totalOtherIncomeExpense": "14364000", "discontinuedOperations": "None", "netIncomeFromContinuingOperations": "62480893", "netIncomeApplicableToCommonShares": "42796132", "preferredStockAndOtherAdjustments": "7553720"}, {"fiscalDateEnding": "2015-12-31", "reportedCurrency": "USD", "totalRevenue": "27936612", "totalOperatingExpense": "74067324", "costOfRevenue": "60620130", "grossProfit": "27936612", "ebit": "-30675822", "netIncome": "53428814", "researchAndDevelopment": "0", "effectOfAccountingCharges": "None", "incomeBeforeTax": "34256932", "minorityInterest": "159897000", "sellingGeneralAdministrative": "53264108", "otherNonOperatingIncome": "15454890", "operatingIncome": "-46130712", "otherOperatingExpense": "20803216", "interestExpense": "-64932754", "taxProvision": "None", "interestIncome": "7670870", "netInterestIncome": "None", "extraordinaryItems": "None", "nonRecurring": "3134000", "otherItems": "None", "incomeTaxExpense": "0", "totalOtherIncomeExpense": "31493000", "discontinuedOperations": "None", "netIncomeFromContinuingOperations": "34256932", "netIncomeApplicableToCommonShares": "45875094", "preferredStockAndOtherAdjustments": "7553720"}], "quarterlyReports": [{"fiscalDateEnding": "2020-06-30", "reportedCurrency": "USD", "totalRevenue": "66721000", "totalOperatingExpense": "61149000", "costOfRevenue": "None", "grossProfit": "66721000", "ebit": "24388000", "netIncome": "45979000", "researchAndDevelopment": "None", "effectOfAccountingCharges": "None", "incomeBeforeTax": "66166000", "minorityInterest": "8110000", "sellingGeneralAdministrative": "43044000", "otherNonOperatingIncome": "18816000", "operatingIncome": "5572000", "otherOperatingExpense": "15710000", "interestExpense": "-41778000", "taxProvision": "12077000", "interestIncome": "83080000", "netInterestIncome": "41778000", "extraordinaryItems": "None", "nonRecurring": "2395000", "otherItems": "None", "incomeTaxExpense": "12077000", "totalOtherIncomeExpense": "None", "discontinuedOperations": "None", "netIncomeFromContinuingOperations": "54089000", "netIncomeApplicableToCommonShares": "44091000", "preferredStockAndOtherAdjustments": "1888000"}, {"fiscalDateEnding": "2020-03-31", "reportedCurrency": "USD", "totalRevenue": "2305000", "totalOperatingExpense": "125613000", "costOfRevenue": "-2443000", "grossProfit": "4748000", "ebit": "-118827000", "netIncome": "-54979000", "researchAndDevelopment": "None", "effectOfAccountingCharges": "None", "incomeBeforeTax": "-80283000", "minorityInterest": "-10934000", "sellingGeneralAdministrative": "-34252000", "otherNonOperatingIncome": "2038000", "operatingIncome": "-120865000", "otherOperatingExpense": "-1947000", "interestExpense": "-38544000", "taxProvision": "-14370000", "interestIncome": "88526000", "netInterestIncome": "38544000", "extraordinaryItems": "None", "nonRecurring": "-21537000", "otherItems": "None", "incomeTaxExpense": "-14370000", "totalOtherIncomeExpense": "None", "discontinuedOperations": "None", "netIncomeFromContinuingOperations": "-65913000", "netIncomeApplicableToCommonShares": "-59310000", "preferredStockAndOtherAdjustments": "1888000"}, {"fiscalDateEnding": "2019-12-31", "reportedCurrency": "USD", "totalRevenue": "62367000", "totalOperatingExpense": "41668000", "costOfRevenue": "-4966000", "grossProfit": "67333000", "ebit": "19856000", "netIncome": "42399000", "researchAndDevelopment": "None", "effectOfAccountingCharges": "None", "incomeBeforeTax": "53653000", "minorityInterest": "7181000", "sellingGeneralAdministrative": "-101744000", "otherNonOperatingIncome": "-5809000", "operatingIncome": "25665000", "otherOperatingExpense": "-8522000", "interestExpense": "-33797000", "taxProvision": "4073000", "interestIncome": "81983000", "netInterestIncome": "33797000", "extraordinaryItems": "None", "nonRecurring": "None", "otherItems": "None", "incomeTaxExpense": "4073000", "totalOtherIncomeExpense": "-12406000", "discontinuedOperations": "None", "netIncomeFromContinuingOperations": "49580000", "netIncomeApplicableToCommonShares": "35543000", "preferredStockAndOtherAdjustments": "1890000"}, {"fiscalDateEnding": "2019-09-30", "reportedCurrency": "USD", "totalRevenue": "62558000", "totalOperatingExpense": "48882000", "costOfRevenue": "-2563000", "grossProfit": "65121000", "ebit": "19957000", "netIncome": "38416000", "researchAndDevelopment": "None", "effectOfAccountingCharges": "None", "incomeBeforeTax": "52402000", "minorityInterest": "7363000", "sellingGeneralAdministrative": "-32861000", "otherNonOperatingIncome": "3718000", "operatingIncome": "16239000", "otherOperatingExpense": "-1841000", "interestExpense": "-32445000", "taxProvision": "6623000", "interestIncome": "80509000", "netInterestIncome": "32445000", "extraordinaryItems": "None", "nonRecurring": "None", "otherItems": "None", "incomeTaxExpense": "6623000", "totalOtherIncomeExpense": "-3062000", "discontinuedOperations": "None", "netIncomeFromContinuingOperations": "45779000", "netIncomeApplicableToCommonShares": "33965000", "preferredStockAndOtherAdjustments": "1888000"}, {"fiscalDateEnding": "2019-06-30", "reportedCurrency": "USD", "totalRevenue": "50072000", "totalOperatingExpense": "45471000", "costOfRevenue": "-2691000", "grossProfit": "52763000", "ebit": "10556000", "netIncome": "33495000", "researchAndDevelopment": "None", "effectOfAccountingCharges": "None", "incomeBeforeTax": "44443000", "minorityInterest": "6598000", "sellingGeneralAdministrative": "-29022000", "otherNonOperatingIncome": "3264000", "operatingIncome": "7292000", "otherOperatingExpense": "-1909000", "interestExpense": "-33887000", "taxProvision": "4350000", "interestIncome": "82171000", "netInterestIncome": "33887000", "extraordinaryItems": "None", "nonRecurring": "-1000000", "otherItems": "None", "incomeTaxExpense": "4350000", "totalOtherIncomeExpense": "-1326000", "discontinuedOperations": "None", "netIncomeFromContinuingOperations": "40093000", "netIncomeApplicableToCommonShares": "28916000", "preferredStockAndOtherAdjustments": "1888000"}, {"fiscalDateEnding": "2019-03-31", "reportedCurrency": "USD", "totalRevenue": "44848000", "totalOperatingExpense": "46287000", "costOfRevenue": "41865000", "grossProfit": "44848000", "ebit": "584000", "netIncome": "24538000", "researchAndDevelopment": "None", "effectOfAccountingCharges": "None", "incomeBeforeTax": "29996000", "minorityInterest": "5468000", "sellingGeneralAdministrative": "41525000", "otherNonOperatingIncome": "2023000", "operatingIncome": "-1439000", "otherOperatingExpense": "4762000", "interestExpense": "-29412000", "taxProvision": "-10000", "interestIncome": "2151000", "netInterestIncome": "29412000", "extraordinaryItems": "None", "nonRecurring": "None", "otherItems": "None", "incomeTaxExpense": "-10000", "totalOtherIncomeExpense": "-2435000", "discontinuedOperations": "None", "netIncomeFromContinuingOperations": "30006000", "netIncomeApplicableToCommonShares": "22650000", "preferredStockAndOtherAdjustments": "1888000"}, {"fiscalDateEnding": "2018-12-31", "reportedCurrency": "USD", "totalRevenue": "77466000", "totalOperatingExpense": "50256000", "costOfRevenue": "6233000", "grossProfit": "77466000", "ebit": "27220000", "netIncome": "39109000", "researchAndDevelopment": "0", "effectOfAccountingCharges": "0", "incomeBeforeTax": "57582000", "minorityInterest": "9838000", "sellingGeneralAdministrative": "35678000", "otherNonOperatingIncome": "10000", "operatingIncome": "27210000", "otherOperatingExpense": "14578000", "interestExpense": "-30362000", "taxProvision": "None", "interestIncome": "None", "netInterestIncome": "None", "extraordinaryItems": "0", "nonRecurring": "0", "otherItems": "0", "incomeTaxExpense": "8635000", "totalOtherIncomeExpense": "-7819000", "discontinuedOperations": "0", "netIncomeFromContinuingOperations": "48947000", "netIncomeApplicableToCommonShares": "37219000", "preferredStockAndOtherAdjustments": "1890000"}, {"fiscalDateEnding": "2018-09-30", "reportedCurrency": "USD", "totalRevenue": "55580000", "totalOperatingExpense": "34739000", "costOfRevenue": "12431000", "grossProfit": "55580000", "ebit": "14853000", "netIncome": "29625000", "researchAndDevelopment": "0", "effectOfAccountingCharges": "0", "incomeBeforeTax": "42805000", "minorityInterest": "7799000", "sellingGeneralAdministrative": "37769000", "otherNonOperatingIncome": "-5988000", "operatingIncome": "20841000", "otherOperatingExpense": "7140000", "interestExpense": "-27952000", "taxProvision": "None", "interestIncome": "None", "netInterestIncome": "None", "extraordinaryItems": "0", "nonRecurring": "-10170000", "otherItems": "0", "incomeTaxExpense": "5381000", "totalOtherIncomeExpense": "-2968000", "discontinuedOperations": "0", "netIncomeFromContinuingOperations": "37424000", "netIncomeApplicableToCommonShares": "27737000", "preferredStockAndOtherAdjustments": "1888000"}, {"fiscalDateEnding": "2018-06-30", "reportedCurrency": "USD", "totalRevenue": "46923000", "totalOperatingExpense": "40610000", "costOfRevenue": "11729000", "grossProfit": "46923000", "ebit": "7700000", "netIncome": "19055000", "researchAndDevelopment": "0", "effectOfAccountingCharges": "0", "incomeBeforeTax": "29111000", "minorityInterest": "5557000", "sellingGeneralAdministrative": "35688000", "otherNonOperatingIncome": "1387000", "operatingIncome": "6313000", "otherOperatingExpense": "2922000", "interestExpense": "-21411000", "taxProvision": "None", "interestIncome": "None", "netInterestIncome": "None", "extraordinaryItems": "0", "nonRecurring": "2000000", "otherItems": "0", "incomeTaxExpense": "4499000", "totalOtherIncomeExpense": "-3880000", "discontinuedOperations": "0", "netIncomeFromContinuingOperations": "24612000", "netIncomeApplicableToCommonShares": "17167000", "preferredStockAndOtherAdjustments": "1888000"}, {"fiscalDateEnding": "2018-03-31", "reportedCurrency": "USD", "totalRevenue": "53162000", "totalOperatingExpense": "43849000", "costOfRevenue": "11711000", "grossProfit": "53162000", "ebit": "10059000", "netIncome": "28077000", "researchAndDevelopment": "0", "effectOfAccountingCharges": "0", "incomeBeforeTax": "28284000", "minorityInterest": "8991000", "sellingGeneralAdministrative": "38409000", "otherNonOperatingIncome": "746000", "operatingIncome": "9313000", "otherOperatingExpense": "5440000", "interestExpense": "-18225000", "taxProvision": "None", "interestIncome": "None", "netInterestIncome": "None", "extraordinaryItems": "0", "nonRecurring": "0", "otherItems": "0", "incomeTaxExpense": "-8784000", "totalOtherIncomeExpense": "-4065000", "discontinuedOperations": "0", "netIncomeFromContinuingOperations": "37068000", "netIncomeApplicableToCommonShares": "26189000", "preferredStockAndOtherAdjustments": "1888000"}, {"fiscalDateEnding": "2017-12-31", "reportedCurrency": "USD", "totalRevenue": "92769000", "totalOperatingExpense": "94355046", "costOfRevenue": "37996000", "grossProfit": "189158000", "ebit": "-124807578", "netIncome": "23760000", "researchAndDevelopment": "0", "effectOfAccountingCharges": "0", "incomeBeforeTax": "28398000", "minorityInterest": "7523000", "sellingGeneralAdministrative": "95892064", "otherNonOperatingIncome": "None", "operatingIncome": "54773000", "otherOperatingExpense": "-131839128", "interestExpense": "26375000", "taxProvision": "None", "interestIncome": "None", "netInterestIncome": "None", "extraordinaryItems": "0", "nonRecurring": "3600000", "otherItems": "0", "incomeTaxExpense": "6651000", "totalOtherIncomeExpense": "-11667000", "discontinuedOperations": "0", "netIncomeFromContinuingOperations": "75966601", "netIncomeApplicableToCommonShares": "21871000", "preferredStockAndOtherAdjustments": "None"}, {"fiscalDateEnding": "2017-09-30", "reportedCurrency": "USD", "totalRevenue": "47989167", "totalOperatingExpense": "36596066", "costOfRevenue": "36596000", "grossProfit": "47989167", "ebit": "12388413", "netIncome": "18309388", "researchAndDevelopment": "0", "effectOfAccountingCharges": "0", "incomeBeforeTax": "30678572", "minorityInterest": "5661184", "sellingGeneralAdministrative": "36596066", "otherNonOperatingIncome": "995312", "operatingIncome": "11393101", "otherOperatingExpense": "117537690", "interestExpense": "-18290159", "taxProvision": "None", "interestIncome": "None", "netInterestIncome": "None", "extraordinaryItems": "0", "nonRecurring": "1700000", "otherItems": "0", "incomeTaxExpense": "6708000", "totalOtherIncomeExpense": "0", "discontinuedOperations": "0", "netIncomeFromContinuingOperations": "23970572", "netIncomeApplicableToCommonShares": "16420958", "preferredStockAndOtherAdjustments": "1888430"}, {"fiscalDateEnding": "2017-06-30", "reportedCurrency": "USD", "totalRevenue": "44735255", "totalOperatingExpense": "31747522", "costOfRevenue": "5295182", "grossProfit": "39440073", "ebit": "7689607", "netIncome": "13817868", "researchAndDevelopment": "0", "effectOfAccountingCharges": "0", "incomeBeforeTax": "21746495", "minorityInterest": "4493627", "sellingGeneralAdministrative": "29659611", "otherNonOperatingIncome": "-2944", "operatingIncome": "7692551", "otherOperatingExpense": "587911", "interestExpense": "-14056888", "taxProvision": "None", "interestIncome": "None", "netInterestIncome": "None", "extraordinaryItems": "0", "nonRecurring": "1500000", "otherItems": "0", "incomeTaxExpense": "3435000", "totalOtherIncomeExpense": "0", "discontinuedOperations": "0", "netIncomeFromContinuingOperations": "18311495", "netIncomeApplicableToCommonShares": "11929438", "preferredStockAndOtherAdjustments": "1888430"}, {"fiscalDateEnding": "2017-03-31", "reportedCurrency": "USD", "totalRevenue": "46331746", "totalOperatingExpense": "31616332", "costOfRevenue": "6637904", "grossProfit": "39693842", "ebit": "15956530", "netIncome": "17502104", "researchAndDevelopment": "0", "effectOfAccountingCharges": "0", "incomeBeforeTax": "30044708", "minorityInterest": "6441604", "sellingGeneralAdministrative": "27535351", "otherNonOperatingIncome": "7879020", "operatingIncome": "8077510", "otherOperatingExpense": "2880981", "interestExpense": "-14088178", "taxProvision": "None", "interestIncome": "None", "netInterestIncome": "None", "extraordinaryItems": "0", "nonRecurring": "1200000", "otherItems": "0", "incomeTaxExpense": "6101000", "totalOtherIncomeExpense": "0", "discontinuedOperations": "0", "netIncomeFromContinuingOperations": "23943708", "netIncomeApplicableToCommonShares": "15613674", "preferredStockAndOtherAdjustments": "1888430"}, {"fiscalDateEnding": "2016-12-31", "reportedCurrency": "USD", "totalRevenue": "84130000", "totalOperatingExpense": "79092000", "costOfRevenue": "32036000", "grossProfit": "96946000", "ebit": "34246908", "netIncome": "22423000", "researchAndDevelopment": "0", "effectOfAccountingCharges": "0", "incomeBeforeTax": "31430000", "minorityInterest": "8482000", "sellingGeneralAdministrative": "45343969", "otherNonOperatingIncome": "None", "operatingIncome": "52094000", "otherOperatingExpense": "-8744429", "interestExpense": "20664000", "taxProvision": "None", "interestIncome": "None", "netInterestIncome": "None", "extraordinaryItems": "0", "nonRecurring": "50892944", "otherItems": "0", "incomeTaxExpense": "525000", "totalOtherIncomeExpense": "14364000", "discontinuedOperations": "0", "netIncomeFromContinuingOperations": "86085032", "netIncomeApplicableToCommonShares": "20534000", "preferredStockAndOtherAdjustments": "None"}, {"fiscalDateEnding": "2016-09-30", "reportedCurrency": "USD", "totalRevenue": "34868259", "totalOperatingExpense": "35741599", "costOfRevenue": "29335000", "grossProfit": "34868259", "ebit": "4056035", "netIncome": "12776602", "researchAndDevelopment": "0", "effectOfAccountingCharges": "0", "incomeBeforeTax": "16726034", "minorityInterest": "3649432", "sellingGeneralAdministrative": "22938714", "otherNonOperatingIncome": "4929375", "operatingIncome": "-873340", "otherOperatingExpense": "6396627", "interestExpense": "-12669999", "taxProvision": "None", "interestIncome": "None", "netInterestIncome": "None", "extraordinaryItems": "0", "nonRecurring": "6406258", "otherItems": "0", "incomeTaxExpense": "300000", "totalOtherIncomeExpense": "0", "discontinuedOperations": "0", "netIncomeFromContinuingOperations": "16426034", "netIncomeApplicableToCommonShares": "10888172", "preferredStockAndOtherAdjustments": "1888430"}, {"fiscalDateEnding": "2016-06-30", "reportedCurrency": "USD", "totalRevenue": "4641223", "totalOperatingExpense": "0", "costOfRevenue": "24424000", "grossProfit": "0", "ebit": "-5138406", "netIncome": "12127000", "researchAndDevelopment": "0", "effectOfAccountingCharges": "0", "incomeBeforeTax": "12127000", "minorityInterest": "154812507", "sellingGeneralAdministrative": "9887013", "otherNonOperatingIncome": "15390235", "operatingIncome": "-20528641", "otherOperatingExpense": "3337117", "interestExpense": "-17265284", "taxProvision": "None", "interestIncome": "None", "netInterestIncome": "None", "extraordinaryItems": "0", "nonRecurring": "11945734", "otherItems": "0", "incomeTaxExpense": "0", "totalOtherIncomeExpense": "0", "discontinuedOperations": "0", "netIncomeFromContinuingOperations": "12126878", "netIncomeApplicableToCommonShares": "10238000", "preferredStockAndOtherAdjustments": "1888430"}, {"fiscalDateEnding": "2016-03-31", "reportedCurrency": "USD", "totalRevenue": "5421295", "totalOperatingExpense": "17972816", "costOfRevenue": "14863000", "grossProfit": "5421295", "ebit": "-10046526", "netIncome": "3023326", "researchAndDevelopment": "0", "effectOfAccountingCharges": "0", "incomeBeforeTax": "3023326", "minorityInterest": "0", "sellingGeneralAdministrative": "11300373", "otherNonOperatingIncome": "2504995", "operatingIncome": "-12551521", "otherOperatingExpense": "3562533", "interestExpense": "-13069852", "taxProvision": "None", "interestIncome": "None", "netInterestIncome": "None", "extraordinaryItems": "0", "nonRecurring": "3109910", "otherItems": "0", "incomeTaxExpense": "0", "totalOtherIncomeExpense": "0", "discontinuedOperations": "0", "netIncomeFromContinuingOperations": "3023326", "netIncomeApplicableToCommonShares": "1134896", "preferredStockAndOtherAdjustments": "1888430"}, {"fiscalDateEnding": "2015-12-31", "reportedCurrency": "USD", "totalRevenue": "33428000", "totalOperatingExpense": "66466000", "costOfRevenue": "18002000", "grossProfit": "55772000", "ebit": "0", "netIncome": "6911000", "researchAndDevelopment": "0", "effectOfAccountingCharges": "0", "incomeBeforeTax": "6911000", "minorityInterest": "159897000", "sellingGeneralAdministrative": "25220466", "otherNonOperatingIncome": "None", "operatingIncome": "15426000", "otherOperatingExpense": "-8265000", "interestExpense": "12315000", "taxProvision": "None", "interestIncome": "None", "netInterestIncome": "None", "extraordinaryItems": "0", "nonRecurring": "3134000", "otherItems": "0", "incomeTaxExpense": "0", "totalOtherIncomeExpense": "31493000", "discontinuedOperations": "0", "netIncomeFromContinuingOperations": "53429000", "netIncomeApplicableToCommonShares": "5022000", "preferredStockAndOtherAdjustments": "None"}, {"fiscalDateEnding": "2015-09-30", "reportedCurrency": "USD", "totalRevenue": "7254484", "totalOperatingExpense": "18338403", "costOfRevenue": "18339000", "grossProfit": "7254484", "ebit": "-5070877", "netIncome": "17232189", "researchAndDevelopment": "0", "effectOfAccountingCharges": "0", "incomeBeforeTax": "9069469", "minorityInterest": "0", "sellingGeneralAdministrative": "14085178", "otherNonOperatingIncome": "6013042", "operatingIncome": "-11083919", "otherOperatingExpense": "4253225", "interestExpense": "-14140346", "taxProvision": "None", "interestIncome": "None", "netInterestIncome": "None", "extraordinaryItems": "0", "nonRecurring": "0", "otherItems": "0", "incomeTaxExpense": "0", "totalOtherIncomeExpense": "0", "discontinuedOperations": "0", "netIncomeFromContinuingOperations": "9069469", "netIncomeApplicableToCommonShares": "15343759", "preferredStockAndOtherAdjustments": "1888430"}, {"fiscalDateEnding": "2015-06-30", "reportedCurrency": "USD", "totalRevenue": "7278650", "totalOperatingExpense": "19057772", "costOfRevenue": "17858000", "grossProfit": "7278650", "ebit": "-10245097", "netIncome": "12387070", "researchAndDevelopment": "0", "effectOfAccountingCharges": "0", "incomeBeforeTax": "12387070", "minorityInterest": "0", "sellingGeneralAdministrative": "13841586", "otherNonOperatingIncome": "1534025", "operatingIncome": "-11779122", "otherOperatingExpense": "5216186", "interestExpense": "-22632167", "taxProvision": "None", "interestIncome": "None", "netInterestIncome": "None", "extraordinaryItems": "0", "nonRecurring": "0", "otherItems": "0", "incomeTaxExpense": "0", "totalOtherIncomeExpense": "0", "discontinuedOperations": "0", "netIncomeFromContinuingOperations": "12387070", "netIncomeApplicableToCommonShares": "10498640", "preferredStockAndOtherAdjustments": "1888430"}]}