{"symbol": "ABT", "annualReports": [{"fiscalDateEnding": "2019-12-31", "reportedCurrency": "USD", "totalRevenue": "31904000000", "totalOperatingExpense": "14141000000", "costOfRevenue": "13231000000", "grossProfit": "18673000000", "ebit": "4747000000", "netIncome": "3687000000", "researchAndDevelopment": "2440000000", "effectOfAccountingCharges": "None", "incomeBeforeTax": "4077000000", "minorityInterest": "213000000", "sellingGeneralAdministrative": "9765000000", "otherNonOperatingIncome": "215000000", "operatingIncome": "4532000000", "otherOperatingExpense": "1936000000", "interestExpense": "670000000", "taxProvision": "390000000", "interestIncome": "94000000", "netInterestIncome": "-576000000", "extraordinaryItems": "86000000", "nonRecurring": "None", "otherItems": "None", "incomeTaxExpense": "390000000", "totalOtherIncomeExpense": "121000000", "discontinuedOperations": "None", "netIncomeFromContinuingOperations": "3687000000", "netIncomeApplicableToCommonShares": "3687000000", "preferredStockAndOtherAdjustments": "None"}, {"fiscalDateEnding": "2018-12-31", "reportedCurrency": "USD", "totalRevenue": "30578000000", "totalOperatingExpense": "26928000000", "costOfRevenue": "12706000000", "grossProfit": "17872000000", "ebit": "6977000000", "netIncome": "2368000000", "researchAndDevelopment": "2300000000", "effectOfAccountingCharges": "None", "incomeBeforeTax": "2873000000", "minorityInterest": "198000000", "sellingGeneralAdministrative": "9744000000", "otherNonOperatingIncome": "49000000", "operatingIncome": "3650000000", "otherOperatingExpense": "2178000000", "interestExpense": "826000000", "taxProvision": "539000000", "interestIncome": "105000000", "netInterestIncome": "-721000000", "extraordinaryItems": "-96000000", "nonRecurring": "None", "otherItems": "None", "incomeTaxExpense": "539000000", "totalOtherIncomeExpense": "-56000000", "discontinuedOperations": "34000000", "netIncomeFromContinuingOperations": "2334000000", "netIncomeApplicableToCommonShares": "2353000000", "preferredStockAndOtherAdjustments": "None"}, {"fiscalDateEnding": "2017-12-31", "reportedCurrency": "USD", "totalRevenue": "27390000000", "totalOperatingExpense": "13327000000", "costOfRevenue": "12337000000", "grossProfit": "15053000000", "ebit": "3135000000", "netIncome": "477000000", "researchAndDevelopment": "2235000000", "effectOfAccountingCharges": "None", "incomeBeforeTax": "2231000000", "minorityInterest": "201000000", "sellingGeneralAdministrative": "9117000000", "otherNonOperatingIncome": "1409000000", "operatingIncome": "1726000000", "otherOperatingExpense": "1975000000", "interestExpense": "904000000", "taxProvision": "1878000000", "interestIncome": "124000000", "netInterestIncome": "-780000000", "extraordinaryItems": "-1336000000", "nonRecurring": "None", "otherItems": "None", "incomeTaxExpense": "1878000000", "totalOtherIncomeExpense": "1285000000", "discontinuedOperations": "124000000", "netIncomeFromContinuingOperations": "353000000", "netIncomeApplicableToCommonShares": "477000000", "preferredStockAndOtherAdjustments": "None"}, {"fiscalDateEnding": "2016-12-31", "reportedCurrency": "USD", "totalRevenue": "20853000000", "totalOperatingExpense": "8644000000", "costOfRevenue": "9024000000", "grossProfit": "11829000000", "ebit": "1844000000", "netIncome": "1400000000", "researchAndDevelopment": "1422000000", "effectOfAccountingCharges": "None", "incomeBeforeTax": "1413000000", "minorityInterest": "179000000", "sellingGeneralAdministrative": "6672000000", "otherNonOperatingIncome": "-1341000000", "operatingIncome": "3185000000", "otherOperatingExpense": "550000000", "interestExpense": "431000000", "taxProvision": "350000000", "interestIncome": "99000000", "netInterestIncome": "-332000000", "extraordinaryItems": "337000000", "nonRecurring": "None", "otherItems": "None", "incomeTaxExpense": "350000000", "totalOtherIncomeExpense": "-1440000000", "discontinuedOperations": "337000000", "netIncomeFromContinuingOperations": "1063000000", "netIncomeApplicableToCommonShares": "1400000000", "preferredStockAndOtherAdjustments": "None"}, {"fiscalDateEnding": "2015-12-31", "reportedCurrency": "USD", "totalRevenue": "20405000000", "totalOperatingExpense": "8791000000", "costOfRevenue": "8747000000", "grossProfit": "11658000000", "ebit": "3346000000", "netIncome": "4423000000", "researchAndDevelopment": "1405000000", "effectOfAccountingCharges": "None", "incomeBeforeTax": "3183000000", "minorityInterest": "115000000", "sellingGeneralAdministrative": "6785000000", "otherNonOperatingIncome": "479000000", "operatingIncome": "2867000000", "otherOperatingExpense": "601000000", "interestExpense": "163000000", "taxProvision": "577000000", "interestIncome": "35000000", "netInterestIncome": "None", "extraordinaryItems": "1817000000", "nonRecurring": "None", "otherItems": "None", "incomeTaxExpense": "577000000", "totalOtherIncomeExpense": "221000000", "discontinuedOperations": "1817000000", "netIncomeFromContinuingOperations": "2606000000", "netIncomeApplicableToCommonShares": "4423000000", "preferredStockAndOtherAdjustments": "None"}], "quarterlyReports": [{"fiscalDateEnding": "2020-06-30", "reportedCurrency": "USD", "totalRevenue": "7328000000", "totalOperatingExpense": "3393000000", "costOfRevenue": "3263000000", "grossProfit": "4065000000", "ebit": "660000000", "netIncome": "537000000", "researchAndDevelopment": "564000000", "effectOfAccountingCharges": "None", "incomeBeforeTax": "526000000", "minorityInterest": "220000000", "sellingGeneralAdministrative": "2276000000", "otherNonOperatingIncome": "-12000000", "operatingIncome": "672000000", "otherOperatingExpense": "553000000", "interestExpense": "134000000", "taxProvision": "-11000000", "interestIncome": "9000000", "netInterestIncome": "-125000000", "extraordinaryItems": "None", "nonRecurring": "None", "otherItems": "None", "incomeTaxExpense": "-11000000", "totalOtherIncomeExpense": "-21000000", "discontinuedOperations": "None", "netIncomeFromContinuingOperations": "537000000", "netIncomeApplicableToCommonShares": "537000000", "preferredStockAndOtherAdjustments": "None"}, {"fiscalDateEnding": "2020-03-31", "reportedCurrency": "USD", "totalRevenue": "7726000000", "totalOperatingExpense": "3687000000", "costOfRevenue": "3281000000", "grossProfit": "4445000000", "ebit": "772000000", "netIncome": "564000000", "researchAndDevelopment": "578000000", "effectOfAccountingCharges": "None", "incomeBeforeTax": "633000000", "minorityInterest": "209000000", "sellingGeneralAdministrative": "2548000000", "otherNonOperatingIncome": "14000000", "operatingIncome": "758000000", "otherOperatingExpense": "561000000", "interestExpense": "139000000", "taxProvision": "89000000", "interestIncome": "18000000", "netInterestIncome": "-121000000", "extraordinaryItems": "20000000", "nonRecurring": "None", "otherItems": "None", "incomeTaxExpense": "89000000", "totalOtherIncomeExpense": "-4000000", "discontinuedOperations": "20000000", "netIncomeFromContinuingOperations": "544000000", "netIncomeApplicableToCommonShares": "564000000", "preferredStockAndOtherAdjustments": "None"}, {"fiscalDateEnding": "2019-12-31", "reportedCurrency": "USD", "totalRevenue": "8314000000", "totalOperatingExpense": "6925000000", "costOfRevenue": "3434000000", "grossProfit": "4880000000", "ebit": "2160000000", "netIncome": "1049000000", "researchAndDevelopment": "595000000", "effectOfAccountingCharges": "None", "incomeBeforeTax": "1240000000", "minorityInterest": "213000000", "sellingGeneralAdministrative": "2413000000", "otherNonOperatingIncome": "None", "operatingIncome": "1389000000", "otherOperatingExpense": "None", "interestExpense": "164000000", "taxProvision": "191000000", "interestIncome": "25000000", "netInterestIncome": "-139000000", "extraordinaryItems": "8000000", "nonRecurring": "None", "otherItems": "None", "incomeTaxExpense": "191000000", "totalOtherIncomeExpense": "-10000000", "discontinuedOperations": "20000000", "netIncomeFromContinuingOperations": "1049000000", "netIncomeApplicableToCommonShares": "1044000000", "preferredStockAndOtherAdjustments": "None"}, {"fiscalDateEnding": "2019-09-30", "reportedCurrency": "USD", "totalRevenue": "8076000000", "totalOperatingExpense": "6878000000", "costOfRevenue": "3358000000", "grossProfit": "4718000000", "ebit": "2024000000", "netIncome": "960000000", "researchAndDevelopment": "596000000", "effectOfAccountingCharges": "None", "incomeBeforeTax": "1103000000", "minorityInterest": "202000000", "sellingGeneralAdministrative": "2440000000", "otherNonOperatingIncome": "72000000", "operatingIncome": "1198000000", "otherOperatingExpense": "484000000", "interestExpense": "167000000", "taxProvision": "143000000", "interestIncome": "24000000", "netInterestIncome": "-143000000", "extraordinaryItems": "None", "nonRecurring": "None", "otherItems": "None", "incomeTaxExpense": "143000000", "totalOtherIncomeExpense": "48000000", "discontinuedOperations": "20000000", "netIncomeFromContinuingOperations": "960000000", "netIncomeApplicableToCommonShares": "954000000", "preferredStockAndOtherAdjustments": "None"}, {"fiscalDateEnding": "2019-06-30", "reportedCurrency": "USD", "totalRevenue": "7979000000", "totalOperatingExpense": "6773000000", "costOfRevenue": "3279000000", "grossProfit": "4700000000", "ebit": "2021000000", "netIncome": "1006000000", "researchAndDevelopment": "577000000", "effectOfAccountingCharges": "None", "incomeBeforeTax": "1102000000", "minorityInterest": "208000000", "sellingGeneralAdministrative": "2434000000", "otherNonOperatingIncome": "None", "operatingIncome": "1206000000", "otherOperatingExpense": "None", "interestExpense": "168000000", "taxProvision": "96000000", "interestIncome": "22000000", "netInterestIncome": "-146000000", "extraordinaryItems": "None", "nonRecurring": "None", "otherItems": "None", "incomeTaxExpense": "96000000", "totalOtherIncomeExpense": "42000000", "discontinuedOperations": "20000000", "netIncomeFromContinuingOperations": "1006000000", "netIncomeApplicableToCommonShares": "1006000000", "preferredStockAndOtherAdjustments": "None"}, {"fiscalDateEnding": "2019-03-31", "reportedCurrency": "USD", "totalRevenue": "7535000000", "totalOperatingExpense": "3636000000", "costOfRevenue": "3160000000", "grossProfit": "4375000000", "ebit": "803000000", "netIncome": "672000000", "researchAndDevelopment": "672000000", "effectOfAccountingCharges": "None", "incomeBeforeTax": "632000000", "minorityInterest": "204000000", "sellingGeneralAdministrative": "2478000000", "otherNonOperatingIncome": "64000000", "operatingIncome": "739000000", "otherOperatingExpense": "486000000", "interestExpense": "171000000", "taxProvision": "-40000000", "interestIncome": "23000000", "netInterestIncome": "-148000000", "extraordinaryItems": "78000000", "nonRecurring": "None", "otherItems": "None", "incomeTaxExpense": "-40000000", "totalOtherIncomeExpense": "41000000", "discontinuedOperations": "None", "netIncomeFromContinuingOperations": "672000000", "netIncomeApplicableToCommonShares": "672000000", "preferredStockAndOtherAdjustments": "None"}, {"fiscalDateEnding": "2018-12-31", "reportedCurrency": "USD", "totalRevenue": "7765000000", "totalOperatingExpense": "3409000000", "costOfRevenue": "3191000000", "grossProfit": "4574000000", "ebit": "1133000000", "netIncome": "654000000", "researchAndDevelopment": "562000000", "effectOfAccountingCharges": "0", "incomeBeforeTax": "947000000", "minorityInterest": "198000000", "sellingGeneralAdministrative": "2359000000", "otherNonOperatingIncome": "-32000000", "operatingIncome": "1165000000", "otherOperatingExpense": "488000000", "interestExpense": "186000000", "taxProvision": "None", "interestIncome": "None", "netInterestIncome": "None", "extraordinaryItems": "0", "nonRecurring": "0", "otherItems": "0", "incomeTaxExpense": "292000000", "totalOtherIncomeExpense": "-275000000", "discontinuedOperations": "-1000000", "netIncomeFromContinuingOperations": "655000000", "netIncomeApplicableToCommonShares": "654000000", "preferredStockAndOtherAdjustments": "None"}, {"fiscalDateEnding": "2018-09-30", "reportedCurrency": "USD", "totalRevenue": "7656000000", "totalOperatingExpense": "3495000000", "costOfRevenue": "3166000000", "grossProfit": "4490000000", "ebit": "921000000", "netIncome": "563000000", "researchAndDevelopment": "574000000", "effectOfAccountingCharges": "0", "incomeBeforeTax": "718000000", "minorityInterest": "193000000", "sellingGeneralAdministrative": "2377000000", "otherNonOperatingIncome": "-74000000", "operatingIncome": "995000000", "otherOperatingExpense": "544000000", "interestExpense": "203000000", "taxProvision": "None", "interestIncome": "None", "netInterestIncome": "None", "extraordinaryItems": "0", "nonRecurring": "0", "otherItems": "0", "incomeTaxExpense": "166000000", "totalOtherIncomeExpense": "-277000000", "discontinuedOperations": "11000000", "netIncomeFromContinuingOperations": "552000000", "netIncomeApplicableToCommonShares": "563000000", "preferredStockAndOtherAdjustments": "None"}, {"fiscalDateEnding": "2018-06-30", "reportedCurrency": "USD", "totalRevenue": "7767000000", "totalOperatingExpense": "3603000000", "costOfRevenue": "3282000000", "grossProfit": "4485000000", "ebit": "987000000", "netIncome": "733000000", "researchAndDevelopment": "575000000", "effectOfAccountingCharges": "0", "incomeBeforeTax": "777000000", "minorityInterest": "197000000", "sellingGeneralAdministrative": "2466000000", "otherNonOperatingIncome": "105000000", "operatingIncome": "882000000", "otherOperatingExpense": "562000000", "interestExpense": "210000000", "taxProvision": "None", "interestIncome": "None", "netInterestIncome": "None", "extraordinaryItems": "0", "nonRecurring": "0", "otherItems": "0", "incomeTaxExpense": "59000000", "totalOtherIncomeExpense": "-105000000", "discontinuedOperations": "15000000", "netIncomeFromContinuingOperations": "718000000", "netIncomeApplicableToCommonShares": "733000000", "preferredStockAndOtherAdjustments": "None"}, {"fiscalDateEnding": "2018-03-31", "reportedCurrency": "USD", "totalRevenue": "7390000000", "totalOperatingExpense": "3715000000", "costOfRevenue": "3067000000", "grossProfit": "4323000000", "ebit": "658000000", "netIncome": "418000000", "researchAndDevelopment": "589000000", "effectOfAccountingCharges": "0", "incomeBeforeTax": "431000000", "minorityInterest": "7000000", "sellingGeneralAdministrative": "2542000000", "otherNonOperatingIncome": "50000000", "operatingIncome": "608000000", "otherOperatingExpense": "584000000", "interestExpense": "227000000", "taxProvision": "None", "interestIncome": "None", "netInterestIncome": "None", "extraordinaryItems": "0", "nonRecurring": "0", "otherItems": "0", "incomeTaxExpense": "22000000", "totalOtherIncomeExpense": "-254000000", "discontinuedOperations": "9000000", "netIncomeFromContinuingOperations": "409000000", "netIncomeApplicableToCommonShares": "418000000", "preferredStockAndOtherAdjustments": "None"}, {"fiscalDateEnding": "2017-12-31", "reportedCurrency": "USD", "totalRevenue": "7589000000", "totalOperatingExpense": "3635000000", "costOfRevenue": "3263000000", "grossProfit": "4326000000", "ebit": "820000000", "netIncome": "-828000000", "researchAndDevelopment": "613000000", "effectOfAccountingCharges": "0", "incomeBeforeTax": "574000000", "minorityInterest": "9000000", "sellingGeneralAdministrative": "2462000000", "otherNonOperatingIncome": "129000000", "operatingIncome": "691000000", "otherOperatingExpense": "560000000", "interestExpense": "246000000", "taxProvision": "None", "interestIncome": "None", "netInterestIncome": "None", "extraordinaryItems": "0", "nonRecurring": "0", "otherItems": "0", "incomeTaxExpense": "1438000000", "totalOtherIncomeExpense": "-709000000", "discontinuedOperations": "36000000", "netIncomeFromContinuingOperations": "-864000000", "netIncomeApplicableToCommonShares": "-828000000", "preferredStockAndOtherAdjustments": "None"}, {"fiscalDateEnding": "2017-09-30", "reportedCurrency": "USD", "totalRevenue": "6829000000", "totalOperatingExpense": "3162000000", "costOfRevenue": "2857000000", "grossProfit": "3972000000", "ebit": "844000000", "netIncome": "603000000", "researchAndDevelopment": "562000000", "effectOfAccountingCharges": "0", "incomeBeforeTax": "626000000", "minorityInterest": "8000000", "sellingGeneralAdministrative": "2099000000", "otherNonOperatingIncome": "34000000", "operatingIncome": "810000000", "otherOperatingExpense": "501000000", "interestExpense": "218000000", "taxProvision": "None", "interestIncome": "None", "netInterestIncome": "None", "extraordinaryItems": "0", "nonRecurring": "0", "otherItems": "0", "incomeTaxExpense": "65000000", "totalOtherIncomeExpense": "0", "discontinuedOperations": "42000000", "netIncomeFromContinuingOperations": "561000000", "netIncomeApplicableToCommonShares": "603000000", "preferredStockAndOtherAdjustments": "None"}, {"fiscalDateEnding": "2017-06-30", "reportedCurrency": "USD", "totalRevenue": "6637000000", "totalOperatingExpense": "3037000000", "costOfRevenue": "3173000000", "grossProfit": "3464000000", "ebit": "509000000", "netIncome": "283000000", "researchAndDevelopment": "513000000", "effectOfAccountingCharges": "0", "incomeBeforeTax": "295000000", "minorityInterest": "5000000", "sellingGeneralAdministrative": "2132000000", "otherNonOperatingIncome": "82000000", "operatingIncome": "427000000", "otherOperatingExpense": "392000000", "interestExpense": "214000000", "taxProvision": "None", "interestIncome": "None", "netInterestIncome": "None", "extraordinaryItems": "0", "nonRecurring": "0", "otherItems": "0", "incomeTaxExpense": "25000000", "totalOtherIncomeExpense": "0", "discontinuedOperations": "13000000", "netIncomeFromContinuingOperations": "270000000", "netIncomeApplicableToCommonShares": "283000000", "preferredStockAndOtherAdjustments": "None"}, {"fiscalDateEnding": "2017-03-31", "reportedCurrency": "USD", "totalRevenue": "6335000000", "totalOperatingExpense": "3493000000", "costOfRevenue": "3044000000", "grossProfit": "3291000000", "ebit": "962000000", "netIncome": "419000000", "researchAndDevelopment": "547000000", "effectOfAccountingCharges": "0", "incomeBeforeTax": "736000000", "minorityInterest": "3000000", "sellingGeneralAdministrative": "2424000000", "otherNonOperatingIncome": "1164000000", "operatingIncome": "-202000000", "otherOperatingExpense": "522000000", "interestExpense": "226000000", "taxProvision": "None", "interestIncome": "None", "netInterestIncome": "None", "extraordinaryItems": "0", "nonRecurring": "0", "otherItems": "0", "incomeTaxExpense": "350000000", "totalOtherIncomeExpense": "0", "discontinuedOperations": "33000000", "netIncomeFromContinuingOperations": "386000000", "netIncomeApplicableToCommonShares": "419000000", "preferredStockAndOtherAdjustments": "None"}, {"fiscalDateEnding": "2016-12-31", "reportedCurrency": "USD", "totalRevenue": "5333000000", "totalOperatingExpense": "2361000000", "costOfRevenue": "2312000000", "grossProfit": "3021000000", "ebit": "1028000000", "netIncome": "798000000", "researchAndDevelopment": "343000000", "effectOfAccountingCharges": "0", "incomeBeforeTax": "875000000", "minorityInterest": "7000000", "sellingGeneralAdministrative": "1609000000", "otherNonOperatingIncome": "80000000", "operatingIncome": "948000000", "otherOperatingExpense": "409000000", "interestExpense": "153000000", "taxProvision": "None", "interestIncome": "None", "netInterestIncome": "None", "extraordinaryItems": "0", "nonRecurring": "0", "otherItems": "0", "incomeTaxExpense": "110000000", "totalOtherIncomeExpense": "-1864000000", "discontinuedOperations": "33000000", "netIncomeFromContinuingOperations": "765000000", "netIncomeApplicableToCommonShares": "798000000", "preferredStockAndOtherAdjustments": "None"}, {"fiscalDateEnding": "2016-09-30", "reportedCurrency": "USD", "totalRevenue": "5302000000", "totalOperatingExpense": "2120000000", "costOfRevenue": "2285000000", "grossProfit": "3017000000", "ebit": "-62000000", "netIncome": "-329000000", "researchAndDevelopment": "352000000", "effectOfAccountingCharges": "0", "incomeBeforeTax": "-179000000", "minorityInterest": "5000000", "sellingGeneralAdministrative": "1628000000", "otherNonOperatingIncome": "-959000000", "operatingIncome": "897000000", "otherOperatingExpense": "140000000", "interestExpense": "117000000", "taxProvision": "None", "interestIncome": "None", "netInterestIncome": "None", "extraordinaryItems": "0", "nonRecurring": "0", "otherItems": "0", "incomeTaxExpense": "178000000", "totalOtherIncomeExpense": "0", "discontinuedOperations": "28000000", "netIncomeFromContinuingOperations": "-357000000", "netIncomeApplicableToCommonShares": "-329000000", "preferredStockAndOtherAdjustments": "None"}, {"fiscalDateEnding": "2016-06-30", "reportedCurrency": "USD", "totalRevenue": "5333000000", "totalOperatingExpense": "2230000000", "costOfRevenue": "2287000000", "grossProfit": "3046000000", "ebit": "818000000", "netIncome": "615000000", "researchAndDevelopment": "348000000", "effectOfAccountingCharges": "0", "incomeBeforeTax": "715000000", "minorityInterest": "4000000", "sellingGeneralAdministrative": "1737000000", "otherNonOperatingIncome": "2000000", "operatingIncome": "816000000", "otherOperatingExpense": "145000000", "interestExpense": "103000000", "taxProvision": "None", "interestIncome": "None", "netInterestIncome": "None", "extraordinaryItems": "0", "nonRecurring": "0", "otherItems": "0", "incomeTaxExpense": "116000000", "totalOtherIncomeExpense": "0", "discontinuedOperations": "16000000", "netIncomeFromContinuingOperations": "599000000", "netIncomeApplicableToCommonShares": "615000000", "preferredStockAndOtherAdjustments": "None"}, {"fiscalDateEnding": "2016-03-31", "reportedCurrency": "USD", "totalRevenue": "4885000000", "totalOperatingExpense": "1933000000", "costOfRevenue": "2140000000", "grossProfit": "2745000000", "ebit": "60000000", "netIncome": "316000000", "researchAndDevelopment": "379000000", "effectOfAccountingCharges": "0", "incomeBeforeTax": "2000000", "minorityInterest": "4000000", "sellingGeneralAdministrative": "1698000000", "otherNonOperatingIncome": "-464000000", "operatingIncome": "524000000", "otherOperatingExpense": "-144000000", "interestExpense": "58000000", "taxProvision": "None", "interestIncome": "None", "netInterestIncome": "None", "extraordinaryItems": "0", "nonRecurring": "0", "otherItems": "0", "incomeTaxExpense": "-54000000", "totalOtherIncomeExpense": "0", "discontinuedOperations": "260000000", "netIncomeFromContinuingOperations": "56000000", "netIncomeApplicableToCommonShares": "316000000", "preferredStockAndOtherAdjustments": "None"}, {"fiscalDateEnding": "2015-12-31", "reportedCurrency": "USD", "totalRevenue": "3451000000", "totalOperatingExpense": "2167000000", "costOfRevenue": "2206000000", "grossProfit": "1245000000", "ebit": "871000000", "netIncome": "767000000", "researchAndDevelopment": "369000000", "effectOfAccountingCharges": "0", "incomeBeforeTax": "830000000", "minorityInterest": "5000000", "sellingGeneralAdministrative": "1655000000", "otherNonOperatingIncome": "56000000", "operatingIncome": "815000000", "otherOperatingExpense": "143000000", "interestExpense": "41000000", "taxProvision": "None", "interestIncome": "None", "netInterestIncome": "None", "extraordinaryItems": "0", "nonRecurring": "0", "otherItems": "0", "incomeTaxExpense": "135000000", "totalOtherIncomeExpense": "221000000", "discontinuedOperations": "1809000000", "netIncomeFromContinuingOperations": "695000000", "netIncomeApplicableToCommonShares": "767000000", "preferredStockAndOtherAdjustments": "None"}, {"fiscalDateEnding": "2015-09-30", "reportedCurrency": "USD", "totalRevenue": "5150000000", "totalOperatingExpense": "2195000000", "costOfRevenue": "2242000000", "grossProfit": "2908000000", "ebit": "755000000", "netIncome": "580000000", "researchAndDevelopment": "378000000", "effectOfAccountingCharges": "0", "incomeBeforeTax": "717000000", "minorityInterest": "3000000", "sellingGeneralAdministrative": "1666000000", "otherNonOperatingIncome": "42000000", "operatingIncome": "713000000", "otherOperatingExpense": "151000000", "interestExpense": "44000000", "taxProvision": "None", "interestIncome": "None", "netInterestIncome": "None", "extraordinaryItems": "0", "nonRecurring": "0", "otherItems": "0", "incomeTaxExpense": "118000000", "totalOtherIncomeExpense": "0", "discontinuedOperations": "-16000000", "netIncomeFromContinuingOperations": "596000000", "netIncomeApplicableToCommonShares": "596000000", "preferredStockAndOtherAdjustments": "None"}, {"fiscalDateEnding": "2015-06-30", "reportedCurrency": "USD", "totalRevenue": "5170000000", "totalOperatingExpense": "2223000000", "costOfRevenue": "2218000000", "grossProfit": "2952000000", "ebit": "1030000000", "netIncome": "784000000", "researchAndDevelopment": "345000000", "effectOfAccountingCharges": "0", "incomeBeforeTax": "991000000", "minorityInterest": "5000000", "sellingGeneralAdministrative": "1727000000", "otherNonOperatingIncome": "301000000", "operatingIncome": "729000000", "otherOperatingExpense": "151000000", "interestExpense": "48000000", "taxProvision": "None", "interestIncome": "None", "netInterestIncome": "None", "extraordinaryItems": "0", "nonRecurring": "0", "otherItems": "0", "incomeTaxExpense": "200000000", "totalOtherIncomeExpense": "0", "discontinuedOperations": "-2000000", "netIncomeFromContinuingOperations": "786000000", "netIncomeApplicableToCommonShares": "786000000", "preferredStockAndOtherAdjustments": "None"}]}