{"symbol": "ABTX", "annualReports": [{"fiscalDateEnding": "2019-12-31", "reportedCurrency": "USD", "totalRevenue": "192960000", "totalOperatingExpense": "111493000", "costOfRevenue": "None", "grossProfit": "187021000", "ebit": "None", "netIncome": "52959000", "researchAndDevelopment": "None", "effectOfAccountingCharges": "None", "incomeBeforeTax": "66386000", "minorityInterest": "None", "sellingGeneralAdministrative": "90968000", "otherNonOperatingIncome": "None", "operatingIncome": "75528000", "otherOperatingExpense": "9926000", "interestExpense": "53370000", "taxProvision": "13427000", "interestIncome": "232907000", "netInterestIncome": "179537000", "extraordinaryItems": "None", "nonRecurring": "None", "otherItems": "None", "incomeTaxExpense": "13427000", "totalOtherIncomeExpense": "-9142000", "discontinuedOperations": "None", "netIncomeFromContinuingOperations": "52959000", "netIncomeApplicableToCommonShares": "52959000", "preferredStockAndOtherAdjustments": "None"}, {"fiscalDateEnding": "2018-12-31", "reportedCurrency": "USD", "totalRevenue": "136292000", "totalOperatingExpense": "81002000", "costOfRevenue": "33892000", "grossProfit": "132044000", "ebit": "0", "netIncome": "37309000", "researchAndDevelopment": "0", "effectOfAccountingCharges": "None", "incomeBeforeTax": "45257000", "minorityInterest": "None", "sellingGeneralAdministrative": "67043000", "otherNonOperatingIncome": "None", "operatingIncome": "51042000", "otherOperatingExpense": "6282000", "interestExpense": "29644000", "taxProvision": "7948000", "interestIncome": "158223000", "netInterestIncome": "128579000", "extraordinaryItems": "None", "nonRecurring": "None", "otherItems": "None", "incomeTaxExpense": "7948000", "totalOtherIncomeExpense": "-5785000", "discontinuedOperations": "None", "netIncomeFromContinuingOperations": "37309000", "netIncomeApplicableToCommonShares": "37309000", "preferredStockAndOtherAdjustments": "None"}, {"fiscalDateEnding": "2017-12-31", "reportedCurrency": "USD", "totalRevenue": "109529000", "totalOperatingExpense": "66908000", "costOfRevenue": "28958000", "grossProfit": "96341000", "ebit": "0", "netIncome": "17632000", "researchAndDevelopment": "0", "effectOfAccountingCharges": "None", "incomeBeforeTax": "26379000", "minorityInterest": "None", "sellingGeneralAdministrative": "53337000", "otherNonOperatingIncome": "None", "operatingIncome": "29433000", "otherOperatingExpense": "5829000", "interestExpense": "15770000", "taxProvision": "8747000", "interestIncome": "119438000", "netInterestIncome": "103668000", "extraordinaryItems": "-2621000", "nonRecurring": "None", "otherItems": "None", "incomeTaxExpense": "8747000", "totalOtherIncomeExpense": "-3054000", "discontinuedOperations": "None", "netIncomeFromContinuingOperations": "17632000", "netIncomeApplicableToCommonShares": "17632000", "preferredStockAndOtherAdjustments": "None"}, {"fiscalDateEnding": "2016-12-31", "reportedCurrency": "USD", "totalRevenue": "97132000", "totalOperatingExpense": "56892000", "costOfRevenue": "16383000", "grossProfit": "89613000", "ebit": "0", "netIncome": "22851000", "researchAndDevelopment": "0", "effectOfAccountingCharges": "None", "incomeBeforeTax": "32405000", "minorityInterest": "None", "sellingGeneralAdministrative": "45072000", "otherNonOperatingIncome": "None", "operatingIncome": "32721000", "otherOperatingExpense": "4596000", "interestExpense": "10914000", "taxProvision": "9554000", "interestIncome": "100778000", "netInterestIncome": "89864000", "extraordinaryItems": "None", "nonRecurring": "None", "otherItems": "None", "incomeTaxExpense": "9554000", "totalOtherIncomeExpense": "-316000", "discontinuedOperations": "None", "netIncomeFromContinuingOperations": "22851000", "netIncomeApplicableToCommonShares": "22851000", "preferredStockAndOtherAdjustments": "None"}, {"fiscalDateEnding": "2015-12-31", "reportedCurrency": "USD", "totalRevenue": "78366000", "totalOperatingExpense": "52629000", "costOfRevenue": "14432000", "grossProfit": "78366000", "ebit": "0", "netIncome": "15786000", "researchAndDevelopment": "0", "effectOfAccountingCharges": "None", "incomeBeforeTax": "23561000", "minorityInterest": "None", "sellingGeneralAdministrative": "48550000", "otherNonOperatingIncome": "None", "operatingIncome": "25737000", "otherOperatingExpense": "4079000", "interestExpense": "8640000", "taxProvision": "7775000", "interestIncome": "88806000", "netInterestIncome": "80166000", "extraordinaryItems": "None", "nonRecurring": "None", "otherItems": "None", "incomeTaxExpense": "7775000", "totalOtherIncomeExpense": "-2176000", "discontinuedOperations": "None", "netIncomeFromContinuingOperations": "15786000", "netIncomeApplicableToCommonShares": "15227000", "preferredStockAndOtherAdjustments": "None"}], "quarterlyReports": [{"fiscalDateEnding": "2020-06-30", "reportedCurrency": "USD", "totalRevenue": "52409000", "totalOperatingExpense": "None", "costOfRevenue": "None", "grossProfit": "None", "ebit": "None", "netIncome": "9907000", "researchAndDevelopment": "None", "effectOfAccountingCharges": "None", "incomeBeforeTax": "11961000", "minorityInterest": "None", "sellingGeneralAdministrative": "22637000", "otherNonOperatingIncome": "None", "operatingIncome": "None", "otherOperatingExpense": "2541000", "interestExpense": "9605000", "taxProvision": "2054000", "interestIncome": "60452000", "netInterestIncome": "50847000", "extraordinaryItems": "None", "nonRecurring": "None", "otherItems": "None", "incomeTaxExpense": "2054000", "totalOtherIncomeExpense": "None", "discontinuedOperations": "None", "netIncomeFromContinuingOperations": "9907000", "netIncomeApplicableToCommonShares": "9907000", "preferredStockAndOtherAdjustments": "None"}, {"fiscalDateEnding": "2020-03-31", "reportedCurrency": "USD", "totalRevenue": "47750000", "totalOperatingExpense": "None", "costOfRevenue": "None", "grossProfit": "None", "ebit": "None", "netIncome": "3516000", "researchAndDevelopment": "None", "effectOfAccountingCharges": "None", "incomeBeforeTax": "4359000", "minorityInterest": "None", "sellingGeneralAdministrative": "23177000", "otherNonOperatingIncome": "None", "operatingIncome": "None", "otherOperatingExpense": "4888000", "interestExpense": "12427000", "taxProvision": "843000", "interestIncome": "57452000", "netInterestIncome": "45025000", "extraordinaryItems": "None", "nonRecurring": "None", "otherItems": "None", "incomeTaxExpense": "843000", "totalOtherIncomeExpense": "None", "discontinuedOperations": "None", "netIncomeFromContinuingOperations": "3516000", "netIncomeApplicableToCommonShares": "3516000", "preferredStockAndOtherAdjustments": "None"}, {"fiscalDateEnding": "2019-12-31", "reportedCurrency": "USD", "totalRevenue": "47926000", "totalOperatingExpense": "26639400", "costOfRevenue": "None", "grossProfit": "46993000", "ebit": "None", "netIncome": "13986000", "researchAndDevelopment": "None", "effectOfAccountingCharges": "None", "incomeBeforeTax": "17562000", "minorityInterest": "None", "sellingGeneralAdministrative": "21646000", "otherNonOperatingIncome": "None", "operatingIncome": "20353600", "otherOperatingExpense": "3167000", "interestExpense": "13621000", "taxProvision": "3576000", "interestIncome": "58147000", "netInterestIncome": "44526000", "extraordinaryItems": "None", "nonRecurring": "None", "otherItems": "None", "incomeTaxExpense": "3576000", "totalOtherIncomeExpense": "-2791600", "discontinuedOperations": "None", "netIncomeFromContinuingOperations": "13986000", "netIncomeApplicableToCommonShares": "13986000", "preferredStockAndOtherAdjustments": "None"}, {"fiscalDateEnding": "2019-09-30", "reportedCurrency": "USD", "totalRevenue": "47726000", "totalOperatingExpense": "28870600", "costOfRevenue": "None", "grossProfit": "45129000", "ebit": "None", "netIncome": "12047000", "researchAndDevelopment": "None", "effectOfAccountingCharges": "None", "incomeBeforeTax": "15120000", "minorityInterest": "None", "sellingGeneralAdministrative": "23142000", "otherNonOperatingIncome": "None", "operatingIncome": "16258400", "otherOperatingExpense": "2227000", "interestExpense": "13828000", "taxProvision": "3073000", "interestIncome": "58665000", "netInterestIncome": "44837000", "extraordinaryItems": "None", "nonRecurring": "None", "otherItems": "None", "incomeTaxExpense": "3073000", "totalOtherIncomeExpense": "-1138400", "discontinuedOperations": "None", "netIncomeFromContinuingOperations": "12047000", "netIncomeApplicableToCommonShares": "12047000", "preferredStockAndOtherAdjustments": "None"}, {"fiscalDateEnding": "2019-06-30", "reportedCurrency": "USD", "totalRevenue": "49416000", "totalOperatingExpense": "27947000", "costOfRevenue": "None", "grossProfit": "48009000", "ebit": "None", "netIncome": "14248000", "researchAndDevelopment": "None", "effectOfAccountingCharges": "None", "incomeBeforeTax": "17929000", "minorityInterest": "None", "sellingGeneralAdministrative": "23037000", "otherNonOperatingIncome": "None", "operatingIncome": "20062000", "otherOperatingExpense": "2341000", "interestExpense": "13375000", "taxProvision": "3681000", "interestIncome": "58946000", "netInterestIncome": "45571000", "extraordinaryItems": "None", "nonRecurring": "None", "otherItems": "None", "incomeTaxExpense": "3681000", "totalOtherIncomeExpense": "-2133000", "discontinuedOperations": "None", "netIncomeFromContinuingOperations": "14248000", "netIncomeApplicableToCommonShares": "14248000", "preferredStockAndOtherAdjustments": "None"}, {"fiscalDateEnding": "2019-03-31", "reportedCurrency": "USD", "totalRevenue": "47892000", "totalOperatingExpense": "28036000", "costOfRevenue": "None", "grossProfit": "46890000", "ebit": "None", "netIncome": "12678000", "researchAndDevelopment": "None", "effectOfAccountingCharges": "None", "incomeBeforeTax": "15775000", "minorityInterest": "None", "sellingGeneralAdministrative": "23143000", "otherNonOperatingIncome": "None", "operatingIncome": "18854000", "otherOperatingExpense": "2191000", "interestExpense": "12546000", "taxProvision": "3097000", "interestIncome": "57149000", "netInterestIncome": "44603000", "extraordinaryItems": "None", "nonRecurring": "None", "otherItems": "None", "incomeTaxExpense": "3097000", "totalOtherIncomeExpense": "-3079000", "discontinuedOperations": "None", "netIncomeFromContinuingOperations": "12678000", "netIncomeApplicableToCommonShares": "12678000", "preferredStockAndOtherAdjustments": "None"}, {"fiscalDateEnding": "2018-12-31", "reportedCurrency": "USD", "totalRevenue": "45208000", "totalOperatingExpense": "26201000", "costOfRevenue": "13429000", "grossProfit": "45208000", "ebit": "0", "netIncome": "13163000", "researchAndDevelopment": "0", "effectOfAccountingCharges": "0", "incomeBeforeTax": "16162000", "minorityInterest": "0", "sellingGeneralAdministrative": "24203000", "otherNonOperatingIncome": "None", "operatingIncome": "19007000", "otherOperatingExpense": "1998000", "interestExpense": "10465000", "taxProvision": "None", "interestIncome": "None", "netInterestIncome": "None", "extraordinaryItems": "0", "nonRecurring": "0", "otherItems": "0", "incomeTaxExpense": "2999000", "totalOtherIncomeExpense": "-2845000", "discontinuedOperations": "0", "netIncomeFromContinuingOperations": "13163000", "netIncomeApplicableToCommonShares": "13163000", "preferredStockAndOtherAdjustments": "None"}, {"fiscalDateEnding": "2018-09-30", "reportedCurrency": "USD", "totalRevenue": "29964000", "totalOperatingExpense": "18268000", "costOfRevenue": "7300000", "grossProfit": "29964000", "ebit": "0", "netIncome": "8879000", "researchAndDevelopment": "0", "effectOfAccountingCharges": "0", "incomeBeforeTax": "10800000", "minorityInterest": "0", "sellingGeneralAdministrative": "16878000", "otherNonOperatingIncome": "None", "operatingIncome": "11696000", "otherOperatingExpense": "1390000", "interestExpense": "7300000", "taxProvision": "None", "interestIncome": "None", "netInterestIncome": "None", "extraordinaryItems": "0", "nonRecurring": "0", "otherItems": "0", "incomeTaxExpense": "1921000", "totalOtherIncomeExpense": "-896000", "discontinuedOperations": "0", "netIncomeFromContinuingOperations": "8879000", "netIncomeApplicableToCommonShares": "8879000", "preferredStockAndOtherAdjustments": "None"}, {"fiscalDateEnding": "2018-06-30", "reportedCurrency": "USD", "totalRevenue": "28990000", "totalOperatingExpense": "19155000", "costOfRevenue": "7008000", "grossProfit": "28990000", "ebit": "0", "netIncome": "7556000", "researchAndDevelopment": "0", "effectOfAccountingCharges": "0", "incomeBeforeTax": "9130000", "minorityInterest": "0", "sellingGeneralAdministrative": "17661000", "otherNonOperatingIncome": "None", "operatingIncome": "9835000", "otherOperatingExpense": "1494000", "interestExpense": "6377000", "taxProvision": "None", "interestIncome": "None", "netInterestIncome": "None", "extraordinaryItems": "0", "nonRecurring": "0", "otherItems": "0", "incomeTaxExpense": "1574000", "totalOtherIncomeExpense": "-705000", "discontinuedOperations": "0", "netIncomeFromContinuingOperations": "7556000", "netIncomeApplicableToCommonShares": "7556000", "preferredStockAndOtherAdjustments": "None"}, {"fiscalDateEnding": "2018-03-31", "reportedCurrency": "USD", "totalRevenue": "27882000", "totalOperatingExpense": "17988000", "costOfRevenue": "6155000", "grossProfit": "27882000", "ebit": "0", "netIncome": "7711000", "researchAndDevelopment": "0", "effectOfAccountingCharges": "0", "incomeBeforeTax": "9165000", "minorityInterest": "0", "sellingGeneralAdministrative": "14066000", "otherNonOperatingIncome": "None", "operatingIncome": "13214000", "otherOperatingExpense": "1415000", "interestExpense": "5502000", "taxProvision": "None", "interestIncome": "None", "netInterestIncome": "None", "extraordinaryItems": "0", "nonRecurring": "0", "otherItems": "0", "incomeTaxExpense": "1454000", "totalOtherIncomeExpense": "-729000", "discontinuedOperations": "0", "netIncomeFromContinuingOperations": "7711000", "netIncomeApplicableToCommonShares": "7711000", "preferredStockAndOtherAdjustments": "None"}, {"fiscalDateEnding": "2017-12-31", "reportedCurrency": "USD", "totalRevenue": "96341000", "totalOperatingExpense": "97097000", "costOfRevenue": "6532000", "grossProfit": "96341000", "ebit": "-25050000", "netIncome": "3204000", "researchAndDevelopment": "0", "effectOfAccountingCharges": "0", "incomeBeforeTax": "7813000", "minorityInterest": "0", "sellingGeneralAdministrative": "13586000", "otherNonOperatingIncome": "None", "operatingIncome": "12896000", "otherOperatingExpense": "2668000", "interestExpense": "11866000", "taxProvision": "None", "interestIncome": "None", "netInterestIncome": "None", "extraordinaryItems": "0", "nonRecurring": "0", "otherItems": "0", "incomeTaxExpense": "4609000", "totalOtherIncomeExpense": "-3054000", "discontinuedOperations": "0", "netIncomeFromContinuingOperations": "12690000", "netIncomeApplicableToCommonShares": "3204000", "preferredStockAndOtherAdjustments": "None"}, {"fiscalDateEnding": "2017-09-30", "reportedCurrency": "USD", "totalRevenue": "0", "totalOperatingExpense": "-45885000", "costOfRevenue": "10812000", "grossProfit": "0", "ebit": "50100000", "netIncome": "2986000", "researchAndDevelopment": "0", "effectOfAccountingCharges": "0", "incomeBeforeTax": "3873000", "minorityInterest": "0", "sellingGeneralAdministrative": "12905000", "otherNonOperatingIncome": "None", "operatingIncome": "8022000", "otherOperatingExpense": "7621000", "interestExpense": "24000", "taxProvision": "None", "interestIncome": "None", "netInterestIncome": "None", "extraordinaryItems": "0", "nonRecurring": "0", "otherItems": "0", "incomeTaxExpense": "887000", "totalOtherIncomeExpense": "0", "discontinuedOperations": "0", "netIncomeFromContinuingOperations": "17688000", "netIncomeApplicableToCommonShares": "2986000", "preferredStockAndOtherAdjustments": "None"}, {"fiscalDateEnding": "2017-06-30", "reportedCurrency": "USD", "totalRevenue": "0", "totalOperatingExpense": "15696000", "costOfRevenue": "6887000", "grossProfit": "0", "ebit": "-33400000", "netIncome": "5395000", "researchAndDevelopment": "0", "effectOfAccountingCharges": "0", "incomeBeforeTax": "7116000", "minorityInterest": "0", "sellingGeneralAdministrative": "11717000", "otherNonOperatingIncome": "None", "operatingIncome": "11266000", "otherOperatingExpense": "-6398000", "interestExpense": "496000", "taxProvision": "None", "interestIncome": "None", "netInterestIncome": "None", "extraordinaryItems": "0", "nonRecurring": "0", "otherItems": "0", "incomeTaxExpense": "1721000", "totalOtherIncomeExpense": "0", "discontinuedOperations": "0", "netIncomeFromContinuingOperations": "-18793000", "netIncomeApplicableToCommonShares": "5395000", "preferredStockAndOtherAdjustments": "None"}, {"fiscalDateEnding": "2017-03-31", "reportedCurrency": "USD", "totalRevenue": "0", "totalOperatingExpense": "0", "costOfRevenue": "4727000", "grossProfit": "0", "ebit": "8350000", "netIncome": "6047000", "researchAndDevelopment": "0", "effectOfAccountingCharges": "0", "incomeBeforeTax": "7577000", "minorityInterest": "0", "sellingGeneralAdministrative": "11989000", "otherNonOperatingIncome": "None", "operatingIncome": "11542000", "otherOperatingExpense": "1938000", "interestExpense": "3384000", "taxProvision": "None", "interestIncome": "None", "netInterestIncome": "None", "extraordinaryItems": "0", "nonRecurring": "0", "otherItems": "0", "incomeTaxExpense": "1530000", "totalOtherIncomeExpense": "0", "discontinuedOperations": "0", "netIncomeFromContinuingOperations": "6047000", "netIncomeApplicableToCommonShares": "6047000", "preferredStockAndOtherAdjustments": "None"}, {"fiscalDateEnding": "2016-12-31", "reportedCurrency": "USD", "totalRevenue": "89613000", "totalOperatingExpense": "56892000", "costOfRevenue": "3959000", "grossProfit": "89613000", "ebit": "15850000", "netIncome": "5771000", "researchAndDevelopment": "0", "effectOfAccountingCharges": "0", "incomeBeforeTax": "7813000", "minorityInterest": "0", "sellingGeneralAdministrative": "11865000", "otherNonOperatingIncome": "None", "operatingIncome": "11549000", "otherOperatingExpense": "8547000", "interestExpense": "8004000", "taxProvision": "None", "interestIncome": "None", "netInterestIncome": "None", "extraordinaryItems": "0", "nonRecurring": "0", "otherItems": "0", "incomeTaxExpense": "2042000", "totalOtherIncomeExpense": "-316000", "discontinuedOperations": "0", "netIncomeFromContinuingOperations": "33142000", "netIncomeApplicableToCommonShares": "5771000", "preferredStockAndOtherAdjustments": "None"}, {"fiscalDateEnding": "2016-09-30", "reportedCurrency": "USD", "totalRevenue": "0", "totalOperatingExpense": "0", "costOfRevenue": "5124000", "grossProfit": "0", "ebit": "-23787000", "netIncome": "5471000", "researchAndDevelopment": "0", "effectOfAccountingCharges": "0", "incomeBeforeTax": "7574000", "minorityInterest": "0", "sellingGeneralAdministrative": "11041000", "otherNonOperatingIncome": "None", "operatingIncome": "10828000", "otherOperatingExpense": "-6206000", "interestExpense": "-2035000", "taxProvision": "None", "interestIncome": "None", "netInterestIncome": "None", "extraordinaryItems": "0", "nonRecurring": "0", "otherItems": "0", "incomeTaxExpense": "2103000", "totalOtherIncomeExpense": "0", "discontinuedOperations": "0", "netIncomeFromContinuingOperations": "-15545000", "netIncomeApplicableToCommonShares": "5471000", "preferredStockAndOtherAdjustments": "None"}, {"fiscalDateEnding": "2016-06-30", "reportedCurrency": "USD", "totalRevenue": "0", "totalOperatingExpense": "0", "costOfRevenue": "4223000", "grossProfit": "0", "ebit": "7937000", "netIncome": "5254000", "researchAndDevelopment": "0", "effectOfAccountingCharges": "0", "incomeBeforeTax": "7593000", "minorityInterest": "0", "sellingGeneralAdministrative": "10391000", "otherNonOperatingIncome": "None", "operatingIncome": "10515000", "otherOperatingExpense": "2255000", "interestExpense": "4945000", "taxProvision": "None", "interestIncome": "None", "netInterestIncome": "None", "extraordinaryItems": "0", "nonRecurring": "0", "otherItems": "0", "incomeTaxExpense": "2339000", "totalOtherIncomeExpense": "0", "discontinuedOperations": "0", "netIncomeFromContinuingOperations": "5254000", "netIncomeApplicableToCommonShares": "5254000", "preferredStockAndOtherAdjustments": "None"}, {"fiscalDateEnding": "2016-03-31", "reportedCurrency": "USD", "totalRevenue": "0", "totalOperatingExpense": "0", "costOfRevenue": "3077000", "grossProfit": "0", "ebit": "0", "netIncome": "6355000", "researchAndDevelopment": "0", "effectOfAccountingCharges": "0", "incomeBeforeTax": "9425000", "minorityInterest": "0", "sellingGeneralAdministrative": "10505000", "otherNonOperatingIncome": "None", "operatingIncome": "10507000", "otherOperatingExpense": "0", "interestExpense": "0", "taxProvision": "None", "interestIncome": "None", "netInterestIncome": "None", "extraordinaryItems": "0", "nonRecurring": "0", "otherItems": "0", "incomeTaxExpense": "3070000", "totalOtherIncomeExpense": "0", "discontinuedOperations": "0", "netIncomeFromContinuingOperations": "0", "netIncomeApplicableToCommonShares": "6355000", "preferredStockAndOtherAdjustments": "None"}, {"fiscalDateEnding": "2015-12-31", "reportedCurrency": "USD", "totalRevenue": "78366000", "totalOperatingExpense": "52629000", "costOfRevenue": "4396000", "grossProfit": "78366000", "ebit": "0", "netIncome": "4212000", "researchAndDevelopment": "0", "effectOfAccountingCharges": "0", "incomeBeforeTax": "6178000", "minorityInterest": "0", "sellingGeneralAdministrative": "10084000", "otherNonOperatingIncome": "None", "operatingIncome": "9358000", "otherOperatingExpense": "4079000", "interestExpense": "8640000", "taxProvision": "None", "interestIncome": "None", "netInterestIncome": "None", "extraordinaryItems": "0", "nonRecurring": "0", "otherItems": "0", "incomeTaxExpense": "1966000", "totalOtherIncomeExpense": "-2176000", "discontinuedOperations": "0", "netIncomeFromContinuingOperations": "15786000", "netIncomeApplicableToCommonShares": "3653000", "preferredStockAndOtherAdjustments": "None"}, {"fiscalDateEnding": "2015-09-30", "reportedCurrency": "USD", "totalRevenue": "0", "totalOperatingExpense": "0", "costOfRevenue": "3768000", "grossProfit": "0", "ebit": "0", "netIncome": "4220000", "researchAndDevelopment": "0", "effectOfAccountingCharges": "0", "incomeBeforeTax": "6177000", "minorityInterest": "0", "sellingGeneralAdministrative": "10285000", "otherNonOperatingIncome": "None", "operatingIncome": "9172000", "otherOperatingExpense": "0", "interestExpense": "0", "taxProvision": "None", "interestIncome": "None", "netInterestIncome": "None", "extraordinaryItems": "0", "nonRecurring": "0", "otherItems": "0", "incomeTaxExpense": "1957000", "totalOtherIncomeExpense": "0", "discontinuedOperations": "0", "netIncomeFromContinuingOperations": "0", "netIncomeApplicableToCommonShares": "4220000", "preferredStockAndOtherAdjustments": "None"}, {"fiscalDateEnding": "2015-06-30", "reportedCurrency": "USD", "totalRevenue": "0", "totalOperatingExpense": "0", "costOfRevenue": "3536000", "grossProfit": "0", "ebit": "0", "netIncome": "3883000", "researchAndDevelopment": "0", "effectOfAccountingCharges": "0", "incomeBeforeTax": "5839000", "minorityInterest": "0", "sellingGeneralAdministrative": "9755000", "otherNonOperatingIncome": "None", "operatingIncome": "8890000", "otherOperatingExpense": "0", "interestExpense": "0", "taxProvision": "None", "interestIncome": "None", "netInterestIncome": "None", "extraordinaryItems": "0", "nonRecurring": "0", "otherItems": "0", "incomeTaxExpense": "1956000", "totalOtherIncomeExpense": "0", "discontinuedOperations": "0", "netIncomeFromContinuingOperations": "0", "netIncomeApplicableToCommonShares": "3883000", "preferredStockAndOtherAdjustments": "None"}]}