{"symbol": "AC", "annualReports": [{"fiscalDateEnding": "2019-12-31", "reportedCurrency": "USD", "totalRevenue": "31265000", "totalOperatingExpense": "47023000", "costOfRevenue": "32184000", "grossProfit": "-919000", "ebit": "55155000", "netIncome": "39188000", "researchAndDevelopment": "None", "effectOfAccountingCharges": "None", "incomeBeforeTax": "54908000", "minorityInterest": "51388000", "sellingGeneralAdministrative": "37897000", "otherNonOperatingIncome": "None", "operatingIncome": "-15758000", "otherOperatingExpense": "9126000", "interestExpense": "217000", "taxProvision": "12126000", "interestIncome": "13407000", "netInterestIncome": "13190000", "extraordinaryItems": "None", "nonRecurring": "None", "otherItems": "None", "incomeTaxExpense": "12126000", "totalOtherIncomeExpense": "57476000", "discontinuedOperations": "None", "netIncomeFromContinuingOperations": "42782000", "netIncomeApplicableToCommonShares": "39188000", "preferredStockAndOtherAdjustments": "None"}, {"fiscalDateEnding": "2018-12-31", "reportedCurrency": "USD", "totalRevenue": "22779000", "totalOperatingExpense": "36259000", "costOfRevenue": "26607000", "grossProfit": "-3828000", "ebit": "-68578000", "netIncome": "-58099000", "researchAndDevelopment": "0", "effectOfAccountingCharges": "0", "incomeBeforeTax": "-68861000", "minorityInterest": "49800000", "sellingGeneralAdministrative": "26607000", "otherNonOperatingIncome": "0", "operatingIncome": "-13480000", "otherOperatingExpense": "9652000", "interestExpense": "262000", "taxProvision": "-11478000", "interestIncome": "13384000", "netInterestIncome": "13122000", "extraordinaryItems": "0", "nonRecurring": "0", "otherItems": "0", "incomeTaxExpense": "-11478000", "totalOtherIncomeExpense": "-68503000", "discontinuedOperations": "0", "netIncomeFromContinuingOperations": "-57383000", "netIncomeApplicableToCommonShares": "-58099000", "preferredStockAndOtherAdjustments": "0"}, {"fiscalDateEnding": "2017-12-31", "reportedCurrency": "USD", "totalRevenue": "26915000", "totalOperatingExpense": "47301000", "costOfRevenue": "30644000", "grossProfit": "-3729000", "ebit": "6507000", "netIncome": "8837000", "researchAndDevelopment": "0", "effectOfAccountingCharges": "0", "incomeBeforeTax": "6264000", "minorityInterest": "46230000", "sellingGeneralAdministrative": "37236000", "otherNonOperatingIncome": "0", "operatingIncome": "-20386000", "otherOperatingExpense": "10065000", "interestExpense": "227000", "taxProvision": "-2420000", "interestIncome": "10501000", "netInterestIncome": "10274000", "extraordinaryItems": "1700000", "nonRecurring": "0.04", "otherItems": "0", "incomeTaxExpense": "-2420000", "totalOtherIncomeExpense": "16376000", "discontinuedOperations": "0", "netIncomeFromContinuingOperations": "8684000", "netIncomeApplicableToCommonShares": "8837000", "preferredStockAndOtherAdjustments": "0"}, {"fiscalDateEnding": "2016-12-31", "reportedCurrency": "USD", "totalRevenue": "31227000", "totalOperatingExpense": "43459000", "costOfRevenue": "30968000", "grossProfit": "259000", "ebit": "14952000", "netIncome": "10218000", "researchAndDevelopment": "0", "effectOfAccountingCharges": "0", "incomeBeforeTax": "14345000", "minorityInterest": "4230000", "sellingGeneralAdministrative": "35025000", "otherNonOperatingIncome": "0", "operatingIncome": "-12232000", "otherOperatingExpense": "8434000", "interestExpense": "590000", "taxProvision": "3876000", "interestIncome": "12669000", "netInterestIncome": "12079000", "extraordinaryItems": "0", "nonRecurring": "0.01", "otherItems": "0", "incomeTaxExpense": "3876000", "totalOtherIncomeExpense": "14498000", "discontinuedOperations": "0", "netIncomeFromContinuingOperations": "10469000", "netIncomeApplicableToCommonShares": "10218000", "preferredStockAndOtherAdjustments": "0"}, {"fiscalDateEnding": "2015-12-31", "reportedCurrency": "USD", "totalRevenue": "22842000", "totalOperatingExpense": "37154000", "costOfRevenue": "26343000", "grossProfit": "-3501000", "ebit": "-14312000", "netIncome": "-111000", "researchAndDevelopment": "0", "effectOfAccountingCharges": "0", "incomeBeforeTax": "-2576000", "minorityInterest": "9220000", "sellingGeneralAdministrative": "30965000", "otherNonOperatingIncome": "0", "operatingIncome": "-14312000", "otherOperatingExpense": "6189000", "interestExpense": "-1260000", "taxProvision": "-1685000", "interestIncome": "11736000", "netInterestIncome": "None", "extraordinaryItems": "0", "nonRecurring": "0.01", "otherItems": "0", "incomeTaxExpense": "-1685000", "totalOtherIncomeExpense": "11736000", "discontinuedOperations": "0", "netIncomeFromContinuingOperations": "-891000", "netIncomeApplicableToCommonShares": "-111000", "preferredStockAndOtherAdjustments": "0"}], "quarterlyReports": [{"fiscalDateEnding": "2020-06-30", "reportedCurrency": "USD", "totalRevenue": "3137000", "totalOperatingExpense": "7280000", "costOfRevenue": "None", "grossProfit": "None", "ebit": "48800000", "netIncome": "35237000", "researchAndDevelopment": "None", "effectOfAccountingCharges": "None", "incomeBeforeTax": "48735000", "minorityInterest": "48081000", "sellingGeneralAdministrative": "3985000", "otherNonOperatingIncome": "None", "operatingIncome": "-4143000", "otherOperatingExpense": "3295000", "interestExpense": "65000", "taxProvision": "11110000", "interestIncome": "1227000", "netInterestIncome": "1162000", "extraordinaryItems": "None", "nonRecurring": "None", "otherItems": "None", "incomeTaxExpense": "11110000", "totalOtherIncomeExpense": "51716000", "discontinuedOperations": "None", "netIncomeFromContinuingOperations": "37625000", "netIncomeApplicableToCommonShares": "35237000", "preferredStockAndOtherAdjustments": "None"}, {"fiscalDateEnding": "2020-03-31", "reportedCurrency": "USD", "totalRevenue": "4369000", "totalOperatingExpense": "5464000", "costOfRevenue": "None", "grossProfit": "None", "ebit": "-100300000", "netIncome": "-73355000", "researchAndDevelopment": "None", "effectOfAccountingCharges": "None", "incomeBeforeTax": "-101151000", "minorityInterest": "46860000", "sellingGeneralAdministrative": "3375000", "otherNonOperatingIncome": "None", "operatingIncome": "-1095000", "otherOperatingExpense": "2089000", "interestExpense": "49000", "taxProvision": "-23799000", "interestIncome": "2310000", "netInterestIncome": "2261000", "extraordinaryItems": "None", "nonRecurring": "None", "otherItems": "None", "incomeTaxExpense": "-23799000", "totalOtherIncomeExpense": "-102317000", "discontinuedOperations": "None", "netIncomeFromContinuingOperations": "-77352000", "netIncomeApplicableToCommonShares": "-73355000", "preferredStockAndOtherAdjustments": "None"}, {"fiscalDateEnding": "2019-12-31", "reportedCurrency": "USD", "totalRevenue": "16674000", "totalOperatingExpense": "18396000", "costOfRevenue": "15896000", "grossProfit": "778000", "ebit": "17123000", "netIncome": "11022000", "researchAndDevelopment": "None", "effectOfAccountingCharges": "None", "incomeBeforeTax": "17042000", "minorityInterest": "51388000", "sellingGeneralAdministrative": "20654000", "otherNonOperatingIncome": "None", "operatingIncome": "-1722000", "otherOperatingExpense": "-2258000", "interestExpense": "69000", "taxProvision": "4658000", "interestIncome": "3708000", "netInterestIncome": "3639000", "extraordinaryItems": "None", "nonRecurring": "None", "otherItems": "None", "incomeTaxExpense": "4658000", "totalOtherIncomeExpense": "15125000", "discontinuedOperations": "None", "netIncomeFromContinuingOperations": "12384000", "netIncomeApplicableToCommonShares": "11022000", "preferredStockAndOtherAdjustments": "None"}, {"fiscalDateEnding": "2019-09-30", "reportedCurrency": "USD", "totalRevenue": "5118000", "totalOperatingExpense": "8127000", "costOfRevenue": "4808000", "grossProfit": "310000", "ebit": "7221000", "netIncome": "5951000", "researchAndDevelopment": "None", "effectOfAccountingCharges": "None", "incomeBeforeTax": "7146000", "minorityInterest": "49699000", "sellingGeneralAdministrative": "5064000", "otherNonOperatingIncome": "None", "operatingIncome": "-3009000", "otherOperatingExpense": "3063000", "interestExpense": "69000", "taxProvision": "1554000", "interestIncome": "2618000", "netInterestIncome": "2549000", "extraordinaryItems": "None", "nonRecurring": "None", "otherItems": "None", "incomeTaxExpense": "1554000", "totalOtherIncomeExpense": "7606000", "discontinuedOperations": "None", "netIncomeFromContinuingOperations": "5592000", "netIncomeApplicableToCommonShares": "5951000", "preferredStockAndOtherAdjustments": "None"}, {"fiscalDateEnding": "2019-06-30", "reportedCurrency": "USD", "totalRevenue": "4821000", "totalOperatingExpense": "7972000", "costOfRevenue": "5584000", "grossProfit": "-763000", "ebit": "-84000", "netIncome": "-932000", "researchAndDevelopment": "0", "effectOfAccountingCharges": "0", "incomeBeforeTax": "-125000", "minorityInterest": "49668000", "sellingGeneralAdministrative": "5868000", "otherNonOperatingIncome": "0", "operatingIncome": "-3151000", "otherOperatingExpense": "2104000", "interestExpense": "35000", "taxProvision": "-277000", "interestIncome": "3295000", "netInterestIncome": "3260000", "extraordinaryItems": "0", "nonRecurring": "0", "otherItems": "0", "incomeTaxExpense": "-277000", "totalOtherIncomeExpense": "-234000", "discontinuedOperations": "0", "netIncomeFromContinuingOperations": "152000", "netIncomeApplicableToCommonShares": "-932000", "preferredStockAndOtherAdjustments": "0"}, {"fiscalDateEnding": "2019-03-31", "reportedCurrency": "USD", "totalRevenue": "4652000", "totalOperatingExpense": "12528000", "costOfRevenue": "6311000", "grossProfit": "-1659000", "ebit": "30895000", "netIncome": "23147000", "researchAndDevelopment": "0", "effectOfAccountingCharges": "0", "incomeBeforeTax": "30845000", "minorityInterest": "50781000", "sellingGeneralAdministrative": "9571000", "otherNonOperatingIncome": "0", "operatingIncome": "-7876000", "otherOperatingExpense": "2957000", "interestExpense": "44000", "taxProvision": "6191000", "interestIncome": "38721000", "netInterestIncome": "3742000", "extraordinaryItems": "0", "nonRecurring": "0", "otherItems": "0", "incomeTaxExpense": "6191000", "totalOtherIncomeExpense": "34979000", "discontinuedOperations": "0", "netIncomeFromContinuingOperations": "24654000", "netIncomeApplicableToCommonShares": "23147000", "preferredStockAndOtherAdjustments": "0"}, {"fiscalDateEnding": "2018-12-31", "reportedCurrency": "USD", "totalRevenue": "8614000", "totalOperatingExpense": "10899000", "costOfRevenue": "8434000", "grossProfit": "180000", "ebit": "-2285000", "netIncome": "-40315000", "researchAndDevelopment": "0", "effectOfAccountingCharges": "0", "incomeBeforeTax": "-47926000", "minorityInterest": "49800000", "sellingGeneralAdministrative": "3260000", "otherNonOperatingIncome": "0", "operatingIncome": "-2285000", "otherOperatingExpense": "2465000", "interestExpense": "-120000", "taxProvision": "None", "interestIncome": "None", "netInterestIncome": "None", "extraordinaryItems": "0", "nonRecurring": "0", "otherItems": "0", "incomeTaxExpense": "-7274000", "totalOtherIncomeExpense": "-45641000", "discontinuedOperations": "0", "netIncomeFromContinuingOperations": "-40652000", "netIncomeApplicableToCommonShares": "-40315000", "preferredStockAndOtherAdjustments": "0"}, {"fiscalDateEnding": "2018-09-30", "reportedCurrency": "USD", "totalRevenue": "4666000", "totalOperatingExpense": "8165000", "costOfRevenue": "5907000", "grossProfit": "-1241000", "ebit": "-3499000", "netIncome": "-7379000", "researchAndDevelopment": "0", "effectOfAccountingCharges": "0", "incomeBeforeTax": "-8080000", "minorityInterest": "51119000", "sellingGeneralAdministrative": "3260000", "otherNonOperatingIncome": "0", "operatingIncome": "-3499000", "otherOperatingExpense": "2258000", "interestExpense": "-70000", "taxProvision": "None", "interestIncome": "None", "netInterestIncome": "None", "extraordinaryItems": "0", "nonRecurring": "0", "otherItems": "0", "incomeTaxExpense": "-858000", "totalOtherIncomeExpense": "-4581000", "discontinuedOperations": "0", "netIncomeFromContinuingOperations": "-7222000", "netIncomeApplicableToCommonShares": "-7379000", "preferredStockAndOtherAdjustments": "0"}, {"fiscalDateEnding": "2018-06-30", "reportedCurrency": "USD", "totalRevenue": "1225658.06", "totalOperatingExpense": "317918.34", "costOfRevenue": "1500127.78", "grossProfit": "-274469.72", "ebit": "-880654.23", "netIncome": "3021722.46", "researchAndDevelopment": "0", "effectOfAccountingCharges": "0", "incomeBeforeTax": "4153079.48", "minorityInterest": "13111934.58", "sellingGeneralAdministrative": "833120.37", "otherNonOperatingIncome": "0", "operatingIncome": "-880654.23", "otherOperatingExpense": "606184.51", "interestExpense": "-9966.78", "taxProvision": "None", "interestIncome": "None", "netInterestIncome": "None", "extraordinaryItems": "0", "nonRecurring": "-88.36", "otherItems": "0", "incomeTaxExpense": "865831.84", "totalOtherIncomeExpense": "5033733.71", "discontinuedOperations": "0", "netIncomeFromContinuingOperations": "3287247.64", "netIncomeApplicableToCommonShares": "3021722.46", "preferredStockAndOtherAdjustments": "0"}, {"fiscalDateEnding": "2018-03-31", "reportedCurrency": "USD", "totalRevenue": "4703000", "totalOperatingExpense": "8953000", "costOfRevenue": "6324000", "grossProfit": "-1621000", "ebit": "-4250000", "netIncome": "-22229000", "researchAndDevelopment": "0", "effectOfAccountingCharges": "0", "incomeBeforeTax": "-29106000", "minorityInterest": "50604000", "sellingGeneralAdministrative": "0", "otherNonOperatingIncome": "None", "operatingIncome": "-4250000", "otherOperatingExpense": "2557000", "interestExpense": "-33000", "taxProvision": "None", "interestIncome": "None", "netInterestIncome": "None", "extraordinaryItems": "0", "nonRecurring": "2557000", "otherItems": "0", "incomeTaxExpense": "-6734000", "totalOtherIncomeExpense": "-24856000", "discontinuedOperations": "0", "netIncomeFromContinuingOperations": "-22372000", "netIncomeApplicableToCommonShares": "-22229000", "preferredStockAndOtherAdjustments": "None"}, {"fiscalDateEnding": "2017-12-31", "reportedCurrency": "USD", "totalRevenue": "11585000", "totalOperatingExpense": "59037000", "costOfRevenue": "15070000", "grossProfit": "-3729000", "ebit": "-5809000", "netIncome": "15800000", "researchAndDevelopment": "0", "effectOfAccountingCharges": "0", "incomeBeforeTax": "21989000", "minorityInterest": "8231000", "sellingGeneralAdministrative": "713000", "otherNonOperatingIncome": "None", "operatingIncome": "-11356000", "otherOperatingExpense": "9381000", "interestExpense": "17000", "taxProvision": "None", "interestIncome": "None", "netInterestIncome": "None", "extraordinaryItems": "0", "nonRecurring": "9381000", "otherItems": "0", "incomeTaxExpense": "6247000", "totalOtherIncomeExpense": "19138000", "discontinuedOperations": "0", "netIncomeFromContinuingOperations": "29681000", "netIncomeApplicableToCommonShares": "15800000", "preferredStockAndOtherAdjustments": "None"}, {"fiscalDateEnding": "2017-09-30", "reportedCurrency": "USD", "totalRevenue": "5248000", "totalOperatingExpense": "-23284000", "costOfRevenue": "11356000", "grossProfit": "0", "ebit": "-50866000", "netIncome": "1519000", "researchAndDevelopment": "0", "effectOfAccountingCharges": "0", "incomeBeforeTax": "1400000", "minorityInterest": "37969000", "sellingGeneralAdministrative": "0", "otherNonOperatingIncome": "None", "operatingIncome": "-5495000", "otherOperatingExpense": "2661000", "interestExpense": "69000", "taxProvision": "None", "interestIncome": "None", "netInterestIncome": "None", "extraordinaryItems": "0", "nonRecurring": "2661000", "otherItems": "0", "incomeTaxExpense": "67000", "totalOtherIncomeExpense": "-3257000", "discontinuedOperations": "0", "netIncomeFromContinuingOperations": "-51779000", "netIncomeApplicableToCommonShares": "1519000", "preferredStockAndOtherAdjustments": "None"}, {"fiscalDateEnding": "2017-06-30", "reportedCurrency": "USD", "totalRevenue": "5095000", "totalOperatingExpense": "11548000", "costOfRevenue": "11544000", "grossProfit": "0", "ebit": "57660000", "netIncome": "4596000", "researchAndDevelopment": "0", "effectOfAccountingCharges": "0", "incomeBeforeTax": "4316000", "minorityInterest": "30000", "sellingGeneralAdministrative": "0", "otherNonOperatingIncome": "None", "operatingIncome": "797000", "otherOperatingExpense": "-4069000", "interestExpense": "71000", "taxProvision": "None", "interestIncome": "None", "netInterestIncome": "None", "extraordinaryItems": "0", "nonRecurring": "-4069000", "otherItems": "0", "incomeTaxExpense": "8114000", "totalOtherIncomeExpense": "27878000", "discontinuedOperations": "0", "netIncomeFromContinuingOperations": "43860000", "netIncomeApplicableToCommonShares": "4596000", "preferredStockAndOtherAdjustments": "None"}, {"fiscalDateEnding": "2017-03-31", "reportedCurrency": "USD", "totalRevenue": "4987000", "totalOperatingExpense": "0", "costOfRevenue": "9315000", "grossProfit": "0", "ebit": "-21371000", "netIncome": "1593000", "researchAndDevelopment": "0", "effectOfAccountingCharges": "0", "incomeBeforeTax": "0", "minorityInterest": "61000", "sellingGeneralAdministrative": "0", "otherNonOperatingIncome": "None", "operatingIncome": "-4332000", "otherOperatingExpense": "2092000", "interestExpense": "70000", "taxProvision": "None", "interestIncome": "None", "netInterestIncome": "None", "extraordinaryItems": "0", "nonRecurring": "2092000", "otherItems": "0", "incomeTaxExpense": "-8424000", "totalOtherIncomeExpense": "-17109000", "discontinuedOperations": "0", "netIncomeFromContinuingOperations": "-13078000", "netIncomeApplicableToCommonShares": "-13078000", "preferredStockAndOtherAdjustments": "None"}, {"fiscalDateEnding": "2016-12-31", "reportedCurrency": "USD", "totalRevenue": "16295000", "totalOperatingExpense": "43459000", "costOfRevenue": "16159000", "grossProfit": "259000", "ebit": "-14858000", "netIncome": "3647000", "researchAndDevelopment": "0", "effectOfAccountingCharges": "0", "incomeBeforeTax": "4731000", "minorityInterest": "4160000", "sellingGeneralAdministrative": "1593000", "otherNonOperatingIncome": "None", "operatingIncome": "132000", "otherOperatingExpense": "8434000", "interestExpense": "36000", "taxProvision": "None", "interestIncome": "None", "netInterestIncome": "None", "extraordinaryItems": "0", "nonRecurring": "10429000", "otherItems": "0", "incomeTaxExpense": "1103000", "totalOtherIncomeExpense": "27889000", "discontinuedOperations": "0", "netIncomeFromContinuingOperations": "8548000", "netIncomeApplicableToCommonShares": "3647000", "preferredStockAndOtherAdjustments": "None"}, {"fiscalDateEnding": "2016-09-30", "reportedCurrency": "USD", "totalRevenue": "5451000", "totalOperatingExpense": "0", "costOfRevenue": "9944000", "grossProfit": "0", "ebit": "988000", "netIncome": "3959000", "researchAndDevelopment": "0", "effectOfAccountingCharges": "0", "incomeBeforeTax": "5836000", "minorityInterest": "70000", "sellingGeneralAdministrative": "0", "otherNonOperatingIncome": "None", "operatingIncome": "14653000", "otherOperatingExpense": "0", "interestExpense": "66000", "taxProvision": "None", "interestIncome": "None", "netInterestIncome": "None", "extraordinaryItems": "0", "nonRecurring": "-4075000", "otherItems": "0", "incomeTaxExpense": "1807000", "totalOtherIncomeExpense": "-12957000", "discontinuedOperations": "0", "netIncomeFromContinuingOperations": "902000", "netIncomeApplicableToCommonShares": "3959000", "preferredStockAndOtherAdjustments": "None"}, {"fiscalDateEnding": "2016-06-30", "reportedCurrency": "USD", "totalRevenue": "4964000", "totalOperatingExpense": "0", "costOfRevenue": "8310000", "grossProfit": "0", "ebit": "1638000", "netIncome": "1019000", "researchAndDevelopment": "0", "effectOfAccountingCharges": "0", "incomeBeforeTax": "1570000", "minorityInterest": "246000", "sellingGeneralAdministrative": "0", "otherNonOperatingIncome": "None", "operatingIncome": "-7867000", "otherOperatingExpense": "0", "interestExpense": "68000", "taxProvision": "None", "interestIncome": "None", "netInterestIncome": "None", "extraordinaryItems": "0", "nonRecurring": "2080000", "otherItems": "0", "incomeTaxExpense": "305000", "totalOtherIncomeExpense": "11645000", "discontinuedOperations": "0", "netIncomeFromContinuingOperations": "1019000", "netIncomeApplicableToCommonShares": "1019000", "preferredStockAndOtherAdjustments": "None"}, {"fiscalDateEnding": "2016-03-31", "reportedCurrency": "USD", "totalRevenue": "4517000", "totalOperatingExpense": "0", "costOfRevenue": "9029000", "grossProfit": "0", "ebit": "0", "netIncome": "1593000", "researchAndDevelopment": "0", "effectOfAccountingCharges": "0", "incomeBeforeTax": "2208000", "minorityInterest": "0", "sellingGeneralAdministrative": "0", "otherNonOperatingIncome": "None", "operatingIncome": "0", "otherOperatingExpense": "0", "interestExpense": "420000", "taxProvision": "None", "interestIncome": "None", "netInterestIncome": "None", "extraordinaryItems": "0", "nonRecurring": "0", "otherItems": "0", "incomeTaxExpense": "661000", "totalOtherIncomeExpense": "0", "discontinuedOperations": "0", "netIncomeFromContinuingOperations": "0", "netIncomeApplicableToCommonShares": "1593000", "preferredStockAndOtherAdjustments": "None"}, {"fiscalDateEnding": "2015-12-31", "reportedCurrency": "USD", "totalRevenue": "8995000", "totalOperatingExpense": "37154000", "costOfRevenue": "14874000", "grossProfit": "-3501000", "ebit": "-14312000", "netIncome": "4189000", "researchAndDevelopment": "0", "effectOfAccountingCharges": "0", "incomeBeforeTax": "5368000", "minorityInterest": "9220000", "sellingGeneralAdministrative": "-309000", "otherNonOperatingIncome": "None", "operatingIncome": "-14312000", "otherOperatingExpense": "6189000", "interestExpense": "276000", "taxProvision": "None", "interestIncome": "None", "netInterestIncome": "None", "extraordinaryItems": "0", "nonRecurring": "6189000", "otherItems": "0", "incomeTaxExpense": "1469000", "totalOtherIncomeExpense": "11736000", "discontinuedOperations": "0", "netIncomeFromContinuingOperations": "-891000", "netIncomeApplicableToCommonShares": "4189000", "preferredStockAndOtherAdjustments": "None"}, {"fiscalDateEnding": "2015-09-30", "reportedCurrency": "USD", "totalRevenue": "4690000", "totalOperatingExpense": "0", "costOfRevenue": "5768000", "grossProfit": "0", "ebit": "0", "netIncome": "-855000", "researchAndDevelopment": "0", "effectOfAccountingCharges": "0", "incomeBeforeTax": "-971000", "minorityInterest": "0", "sellingGeneralAdministrative": "0", "otherNonOperatingIncome": "None", "operatingIncome": "0", "otherOperatingExpense": "0", "interestExpense": "323000", "taxProvision": "None", "interestIncome": "None", "netInterestIncome": "None", "extraordinaryItems": "0", "nonRecurring": "0", "otherItems": "0", "incomeTaxExpense": "-133000", "totalOtherIncomeExpense": "0", "discontinuedOperations": "0", "netIncomeFromContinuingOperations": "0", "netIncomeApplicableToCommonShares": "-855000", "preferredStockAndOtherAdjustments": "None"}, {"fiscalDateEnding": "2015-06-30", "reportedCurrency": "USD", "totalRevenue": "4590000", "totalOperatingExpense": "0", "costOfRevenue": "8055000", "grossProfit": "0", "ebit": "0", "netIncome": "855000", "researchAndDevelopment": "0", "effectOfAccountingCharges": "0", "incomeBeforeTax": "971000", "minorityInterest": "0", "sellingGeneralAdministrative": "0", "otherNonOperatingIncome": "None", "operatingIncome": "0", "otherOperatingExpense": "0", "interestExpense": "327000", "taxProvision": "None", "interestIncome": "None", "netInterestIncome": "None", "extraordinaryItems": "0", "nonRecurring": "0", "otherItems": "0", "incomeTaxExpense": "133000", "totalOtherIncomeExpense": "0", "discontinuedOperations": "0", "netIncomeFromContinuingOperations": "0", "netIncomeApplicableToCommonShares": "855000", "preferredStockAndOtherAdjustments": "None"}]}