{"symbol": "ACA", "annualReports": [{"fiscalDateEnding": "2019-12-31", "reportedCurrency": "USD", "totalRevenue": "1736900000", "totalOperatingExpense": "1584000000", "costOfRevenue": "1404500000", "grossProfit": "332400000", "ebit": "239400000", "netIncome": "113300000", "researchAndDevelopment": "None", "effectOfAccountingCharges": "None", "incomeBeforeTax": "146800000", "minorityInterest": "None", "sellingGeneralAdministrative": "179500000", "otherNonOperatingIncome": "None", "operatingIncome": "152900000", "otherOperatingExpense": "None", "interestExpense": "6800000", "taxProvision": "33500000", "interestIncome": "1400000", "netInterestIncome": "-5400000", "extraordinaryItems": "None", "nonRecurring": "None", "otherItems": "None", "incomeTaxExpense": "33500000", "totalOtherIncomeExpense": "-700000", "discontinuedOperations": "None", "netIncomeFromContinuingOperations": "113300000", "netIncomeApplicableToCommonShares": "112200000", "preferredStockAndOtherAdjustments": "None"}, {"fiscalDateEnding": "2018-12-31", "reportedCurrency": "USD", "totalRevenue": "1460400000", "totalOperatingExpense": "1342300000", "costOfRevenue": "1188400000", "grossProfit": "272000000", "ebit": "163500000", "netIncome": "75700000", "researchAndDevelopment": "0", "effectOfAccountingCharges": "None", "incomeBeforeTax": "95000000", "minorityInterest": "None", "sellingGeneralAdministrative": "153900000", "otherNonOperatingIncome": "None", "operatingIncome": "118100000", "otherOperatingExpense": "None", "interestExpense": "900000", "taxProvision": "19300000", "interestIncome": "400000", "netInterestIncome": "-500000", "extraordinaryItems": "1500000", "nonRecurring": "None", "otherItems": "None", "incomeTaxExpense": "19300000", "totalOtherIncomeExpense": "-22600000", "discontinuedOperations": "None", "netIncomeFromContinuingOperations": "75700000", "netIncomeApplicableToCommonShares": "75500000", "preferredStockAndOtherAdjustments": "None"}, {"fiscalDateEnding": "2017-12-31", "reportedCurrency": "USD", "totalRevenue": "1462400000", "totalOperatingExpense": "1330700000", "costOfRevenue": "1167700000", "grossProfit": "294700000", "ebit": "195800000", "netIncome": "89700000", "researchAndDevelopment": "None", "effectOfAccountingCharges": "None", "incomeBeforeTax": "130100000", "minorityInterest": "None", "sellingGeneralAdministrative": "163000000", "otherNonOperatingIncome": "None", "operatingIncome": "131700000", "otherOperatingExpense": "None", "interestExpense": "0", "taxProvision": "40400000", "interestIncome": "100000", "netInterestIncome": "100000", "extraordinaryItems": "6200000", "nonRecurring": "None", "otherItems": "None", "incomeTaxExpense": "40400000", "totalOtherIncomeExpense": "-1700000", "discontinuedOperations": "None", "netIncomeFromContinuingOperations": "89700000", "netIncomeApplicableToCommonShares": "89700000", "preferredStockAndOtherAdjustments": "None"}, {"fiscalDateEnding": "2016-12-31", "reportedCurrency": "USD", "totalRevenue": "1704000000", "totalOperatingExpense": "1503200000", "costOfRevenue": "1355900000", "grossProfit": "348100000", "ebit": "262800000", "netIncome": "123000000", "researchAndDevelopment": "None", "effectOfAccountingCharges": "None", "incomeBeforeTax": "197200000", "minorityInterest": "None", "sellingGeneralAdministrative": "147300000", "otherNonOperatingIncome": "None", "operatingIncome": "200800000", "otherOperatingExpense": "None", "interestExpense": "0", "taxProvision": "74200000", "interestIncome": "100000", "netInterestIncome": "100000", "extraordinaryItems": "None", "nonRecurring": "None", "otherItems": "None", "incomeTaxExpense": "74200000", "totalOtherIncomeExpense": "-3700000", "discontinuedOperations": "None", "netIncomeFromContinuingOperations": "123000000", "netIncomeApplicableToCommonShares": "123000000", "preferredStockAndOtherAdjustments": "None"}, {"fiscalDateEnding": "2015-12-31", "reportedCurrency": "USD", "totalRevenue": "2140400000", "totalOperatingExpense": "1833100000", "costOfRevenue": "1659700000", "grossProfit": "480700000", "ebit": "307300000", "netIncome": "135000000", "researchAndDevelopment": "None", "effectOfAccountingCharges": "None", "incomeBeforeTax": "219200000", "minorityInterest": "None", "sellingGeneralAdministrative": "173400000", "otherNonOperatingIncome": "None", "operatingIncome": "217800000", "otherOperatingExpense": "None", "interestExpense": "-400000", "taxProvision": "84200000", "interestIncome": "2400000", "netInterestIncome": "None", "extraordinaryItems": "None", "nonRecurring": "None", "otherItems": "None", "incomeTaxExpense": "84200000", "totalOtherIncomeExpense": "-88100000", "discontinuedOperations": "None", "netIncomeFromContinuingOperations": "135000000", "netIncomeApplicableToCommonShares": "135000000", "preferredStockAndOtherAdjustments": "None"}], "quarterlyReports": [{"fiscalDateEnding": "2020-06-30", "reportedCurrency": "USD", "totalRevenue": "498500000", "totalOperatingExpense": "450700000", "costOfRevenue": "396800000", "grossProfit": "101700000", "ebit": "75800000", "netIncome": "33300000", "researchAndDevelopment": "None", "effectOfAccountingCharges": "None", "incomeBeforeTax": "45100000", "minorityInterest": "None", "sellingGeneralAdministrative": "53900000", "otherNonOperatingIncome": "None", "operatingIncome": "47800000", "otherOperatingExpense": "None", "interestExpense": "2800000", "taxProvision": "11800000", "interestIncome": "100000", "netInterestIncome": "-2700000", "extraordinaryItems": "None", "nonRecurring": "None", "otherItems": "None", "incomeTaxExpense": "11800000", "totalOtherIncomeExpense": "None", "discontinuedOperations": "None", "netIncomeFromContinuingOperations": "33300000", "netIncomeApplicableToCommonShares": "33000000", "preferredStockAndOtherAdjustments": "None"}, {"fiscalDateEnding": "2020-03-31", "reportedCurrency": "USD", "totalRevenue": "488200000", "totalOperatingExpense": "443100000", "costOfRevenue": "391300000", "grossProfit": "96900000", "ebit": "72100000", "netIncome": "31600000", "researchAndDevelopment": "None", "effectOfAccountingCharges": "None", "incomeBeforeTax": "42000000", "minorityInterest": "None", "sellingGeneralAdministrative": "51800000", "otherNonOperatingIncome": "None", "operatingIncome": "45100000", "otherOperatingExpense": "None", "interestExpense": "3300000", "taxProvision": "10400000", "interestIncome": "200000", "netInterestIncome": "-3100000", "extraordinaryItems": "None", "nonRecurring": "None", "otherItems": "None", "incomeTaxExpense": "10400000", "totalOtherIncomeExpense": "200000", "discontinuedOperations": "None", "netIncomeFromContinuingOperations": "31600000", "netIncomeApplicableToCommonShares": "31300000", "preferredStockAndOtherAdjustments": "None"}, {"fiscalDateEnding": "2019-12-31", "reportedCurrency": "USD", "totalRevenue": "446900000", "totalOperatingExpense": "416400000", "costOfRevenue": "369300000", "grossProfit": "77600000", "ebit": "52800000", "netIncome": "21100000", "researchAndDevelopment": "None", "effectOfAccountingCharges": "None", "incomeBeforeTax": "28500000", "minorityInterest": "None", "sellingGeneralAdministrative": "47100000", "otherNonOperatingIncome": "None", "operatingIncome": "30500000", "otherOperatingExpense": "None", "interestExpense": "1700000", "taxProvision": "7400000", "interestIncome": "400000", "netInterestIncome": "-1300000", "extraordinaryItems": "None", "nonRecurring": "None", "otherItems": "None", "incomeTaxExpense": "7400000", "totalOtherIncomeExpense": "-300000", "discontinuedOperations": "None", "netIncomeFromContinuingOperations": "21100000", "netIncomeApplicableToCommonShares": "21000000", "preferredStockAndOtherAdjustments": "None"}, {"fiscalDateEnding": "2019-09-30", "reportedCurrency": "USD", "totalRevenue": "445000000", "totalOperatingExpense": "402200000", "costOfRevenue": "356700000", "grossProfit": "88300000", "ebit": "65200000", "netIncome": "32700000", "researchAndDevelopment": "None", "effectOfAccountingCharges": "None", "incomeBeforeTax": "41900000", "minorityInterest": "None", "sellingGeneralAdministrative": "45500000", "otherNonOperatingIncome": "None", "operatingIncome": "42800000", "otherOperatingExpense": "None", "interestExpense": "1600000", "taxProvision": "9200000", "interestIncome": "300000", "netInterestIncome": "-1300000", "extraordinaryItems": "None", "nonRecurring": "None", "otherItems": "None", "incomeTaxExpense": "9200000", "totalOtherIncomeExpense": "400000", "discontinuedOperations": "None", "netIncomeFromContinuingOperations": "32700000", "netIncomeApplicableToCommonShares": "32400000", "preferredStockAndOtherAdjustments": "None"}, {"fiscalDateEnding": "2019-06-30", "reportedCurrency": "USD", "totalRevenue": "434100000", "totalOperatingExpense": "391800000", "costOfRevenue": "345700000", "grossProfit": "88400000", "ebit": "64100000", "netIncome": "31800000", "researchAndDevelopment": "None", "effectOfAccountingCharges": "None", "incomeBeforeTax": "40800000", "minorityInterest": "None", "sellingGeneralAdministrative": "46100000", "otherNonOperatingIncome": "None", "operatingIncome": "42300000", "otherOperatingExpense": "None", "interestExpense": "1600000", "taxProvision": "9000000", "interestIncome": "400000", "netInterestIncome": "-1200000", "extraordinaryItems": "None", "nonRecurring": "None", "otherItems": "None", "incomeTaxExpense": "9000000", "totalOtherIncomeExpense": "-300000", "discontinuedOperations": "None", "netIncomeFromContinuingOperations": "31800000", "netIncomeApplicableToCommonShares": "31500000", "preferredStockAndOtherAdjustments": "None"}, {"fiscalDateEnding": "2019-03-31", "reportedCurrency": "USD", "totalRevenue": "410900000", "totalOperatingExpense": "373600000", "costOfRevenue": "332800000", "grossProfit": "78100000", "ebit": "57300000", "netIncome": "27700000", "researchAndDevelopment": "None", "effectOfAccountingCharges": "None", "incomeBeforeTax": "35600000", "minorityInterest": "None", "sellingGeneralAdministrative": "40800000", "otherNonOperatingIncome": "None", "operatingIncome": "37300000", "otherOperatingExpense": "None", "interestExpense": "1900000", "taxProvision": "7900000", "interestIncome": "-2100000", "netInterestIncome": "-1600000", "extraordinaryItems": "None", "nonRecurring": "None", "otherItems": "None", "incomeTaxExpense": "7900000", "totalOtherIncomeExpense": "-100000", "discontinuedOperations": "None", "netIncomeFromContinuingOperations": "27700000", "netIncomeApplicableToCommonShares": "27400000", "preferredStockAndOtherAdjustments": "None"}, {"fiscalDateEnding": "2018-12-31", "reportedCurrency": "USD", "totalRevenue": "374400000", "totalOperatingExpense": "343800000", "costOfRevenue": "307000000", "grossProfit": "67400000", "ebit": "30600000", "netIncome": "27700000", "researchAndDevelopment": "0", "effectOfAccountingCharges": "0", "incomeBeforeTax": "28800000", "minorityInterest": "0", "sellingGeneralAdministrative": "36800000", "otherNonOperatingIncome": "None", "operatingIncome": "30600000", "otherOperatingExpense": "0", "interestExpense": "-900000", "taxProvision": "None", "interestIncome": "None", "netInterestIncome": "None", "extraordinaryItems": "1500000", "nonRecurring": "0", "otherItems": "0", "incomeTaxExpense": "1100000", "totalOtherIncomeExpense": "-1800000", "discontinuedOperations": "0", "netIncomeFromContinuingOperations": "27700000", "netIncomeApplicableToCommonShares": "27500000", "preferredStockAndOtherAdjustments": "None"}, {"fiscalDateEnding": "2018-09-30", "reportedCurrency": "USD", "totalRevenue": "378600000", "totalOperatingExpense": "349000000", "costOfRevenue": "308900000", "grossProfit": "69700000", "ebit": "29600000", "netIncome": "3200000", "researchAndDevelopment": "0", "effectOfAccountingCharges": "0", "incomeBeforeTax": "6600000", "minorityInterest": "0", "sellingGeneralAdministrative": "40100000", "otherNonOperatingIncome": "None", "operatingIncome": "29600000", "otherOperatingExpense": "0", "interestExpense": "-900000", "taxProvision": "None", "interestIncome": "None", "netInterestIncome": "None", "extraordinaryItems": "0", "nonRecurring": "0", "otherItems": "0", "incomeTaxExpense": "3400000", "totalOtherIncomeExpense": "-23000000", "discontinuedOperations": "0", "netIncomeFromContinuingOperations": "3200000", "netIncomeApplicableToCommonShares": "3200000", "preferredStockAndOtherAdjustments": "None"}, {"fiscalDateEnding": "2018-06-30", "reportedCurrency": "USD", "totalRevenue": "353000000", "totalOperatingExpense": "322400000", "costOfRevenue": "283000000", "grossProfit": "70000000", "ebit": "30600000", "netIncome": "22600000", "researchAndDevelopment": "0", "effectOfAccountingCharges": "0", "incomeBeforeTax": "29400000", "minorityInterest": "0", "sellingGeneralAdministrative": "39400000", "otherNonOperatingIncome": "None", "operatingIncome": "30600000", "otherOperatingExpense": "0", "interestExpense": "-900000", "taxProvision": "None", "interestIncome": "None", "netInterestIncome": "None", "extraordinaryItems": "0", "nonRecurring": "0", "otherItems": "0", "incomeTaxExpense": "6800000", "totalOtherIncomeExpense": "-1200000", "discontinuedOperations": "0", "netIncomeFromContinuingOperations": "22600000", "netIncomeApplicableToCommonShares": "22600000", "preferredStockAndOtherAdjustments": "None"}, {"fiscalDateEnding": "2018-03-31", "reportedCurrency": "USD", "totalRevenue": "354400000", "totalOperatingExpense": "323200000", "costOfRevenue": "285600000", "grossProfit": "68800000", "ebit": "31200000", "netIncome": "22200000", "researchAndDevelopment": "0", "effectOfAccountingCharges": "0", "incomeBeforeTax": "30200000", "minorityInterest": "0", "sellingGeneralAdministrative": "37600000", "otherNonOperatingIncome": "None", "operatingIncome": "31200000", "otherOperatingExpense": "0", "interestExpense": "-900000", "taxProvision": "None", "interestIncome": "None", "netInterestIncome": "None", "extraordinaryItems": "0", "nonRecurring": "0", "otherItems": "0", "incomeTaxExpense": "8000000", "totalOtherIncomeExpense": "-1000000", "discontinuedOperations": "0", "netIncomeFromContinuingOperations": "22200000", "netIncomeApplicableToCommonShares": "22200000", "preferredStockAndOtherAdjustments": "None"}, {"fiscalDateEnding": "2017-12-31", "reportedCurrency": "USD", "totalRevenue": "347500000", "totalOperatingExpense": "998400000", "costOfRevenue": "264500000", "grossProfit": "219200000", "ebit": "98100000", "netIncome": "23600000", "researchAndDevelopment": "0", "effectOfAccountingCharges": "0", "incomeBeforeTax": "21500000", "minorityInterest": "0", "sellingGeneralAdministrative": "42400000", "otherNonOperatingIncome": "None", "operatingIncome": "23100000", "otherOperatingExpense": "0", "interestExpense": "-900000", "taxProvision": "None", "interestIncome": "None", "netInterestIncome": "None", "extraordinaryItems": "0", "nonRecurring": "0", "otherItems": "0", "incomeTaxExpense": "27200000", "totalOtherIncomeExpense": "-1800000", "discontinuedOperations": "0", "netIncomeFromContinuingOperations": "69100000", "netIncomeApplicableToCommonShares": "23600000", "preferredStockAndOtherAdjustments": "None"}, {"fiscalDateEnding": "2017-09-30", "reportedCurrency": "USD", "totalRevenue": "365900000", "totalOperatingExpense": "728400000", "costOfRevenue": "273600000", "grossProfit": "151300000", "ebit": "77400000", "netIncome": "20600000", "researchAndDevelopment": "0", "effectOfAccountingCharges": "0", "incomeBeforeTax": "33800000", "minorityInterest": "0", "sellingGeneralAdministrative": "41900000", "otherNonOperatingIncome": "None", "operatingIncome": "33600000", "otherOperatingExpense": "0", "interestExpense": "0", "taxProvision": "None", "interestIncome": "None", "netInterestIncome": "None", "extraordinaryItems": "0", "nonRecurring": "0", "otherItems": "0", "incomeTaxExpense": "13200000", "totalOtherIncomeExpense": "-3200000", "discontinuedOperations": "0", "netIncomeFromContinuingOperations": "45900000", "netIncomeApplicableToCommonShares": "20600000", "preferredStockAndOtherAdjustments": "None"}, {"fiscalDateEnding": "2017-06-30", "reportedCurrency": "USD", "totalRevenue": "749000000", "totalOperatingExpense": "-752800000", "costOfRevenue": "563900000", "grossProfit": "-152300000", "ebit": "-83400000", "netIncome": "45500000", "researchAndDevelopment": "0", "effectOfAccountingCharges": "0", "incomeBeforeTax": "74800000", "minorityInterest": "0", "sellingGeneralAdministrative": "78700000", "otherNonOperatingIncome": "None", "operatingIncome": "75000000", "otherOperatingExpense": "0", "interestExpense": "0", "taxProvision": "None", "interestIncome": "None", "netInterestIncome": "None", "extraordinaryItems": "0", "nonRecurring": "0", "otherItems": "0", "incomeTaxExpense": "29300000", "totalOtherIncomeExpense": "4600000", "discontinuedOperations": "0", "netIncomeFromContinuingOperations": "-48900000", "netIncomeApplicableToCommonShares": "45500000", "preferredStockAndOtherAdjustments": "None"}, {"fiscalDateEnding": "2017-03-31", "reportedCurrency": "USD", "totalRevenue": "396300000", "totalOperatingExpense": "356700000", "costOfRevenue": "319800000", "grossProfit": "76500000", "ebit": "39600000", "netIncome": "23600000", "researchAndDevelopment": "0", "effectOfAccountingCharges": "0", "incomeBeforeTax": "38400000", "minorityInterest": "0", "sellingGeneralAdministrative": "36900000", "otherNonOperatingIncome": "None", "operatingIncome": "39600000", "otherOperatingExpense": "0", "interestExpense": "0", "taxProvision": "None", "interestIncome": "None", "netInterestIncome": "None", "extraordinaryItems": "0", "nonRecurring": "0", "otherItems": "0", "incomeTaxExpense": "14800000", "totalOtherIncomeExpense": "-1200000", "discontinuedOperations": "0", "netIncomeFromContinuingOperations": "23600000", "netIncomeApplicableToCommonShares": "23600000", "preferredStockAndOtherAdjustments": "None"}, {"fiscalDateEnding": "2016-12-31", "reportedCurrency": "USD", "totalRevenue": "1704000000", "totalOperatingExpense": "1503200000", "costOfRevenue": "1290300000", "grossProfit": "348100000", "ebit": "200800000", "netIncome": "123000000", "researchAndDevelopment": "0", "effectOfAccountingCharges": "0", "incomeBeforeTax": "197200000", "minorityInterest": "0", "sellingGeneralAdministrative": "147300000", "otherNonOperatingIncome": "None", "operatingIncome": "200800000", "otherOperatingExpense": "0", "interestExpense": "-900000", "taxProvision": "None", "interestIncome": "None", "netInterestIncome": "None", "extraordinaryItems": "0", "nonRecurring": "0", "otherItems": "0", "incomeTaxExpense": "74200000", "totalOtherIncomeExpense": "-3600000", "discontinuedOperations": "0", "netIncomeFromContinuingOperations": "123000000", "netIncomeApplicableToCommonShares": "123000000", "preferredStockAndOtherAdjustments": "None"}, {"fiscalDateEnding": "2016-09-30", "reportedCurrency": "USD", "totalRevenue": "0", "totalOperatingExpense": "0", "costOfRevenue": "0", "grossProfit": "0", "ebit": "0", "netIncome": "0", "researchAndDevelopment": "0", "effectOfAccountingCharges": "0", "incomeBeforeTax": "0", "minorityInterest": "0", "sellingGeneralAdministrative": "0", "otherNonOperatingIncome": "None", "operatingIncome": "0", "otherOperatingExpense": "0", "interestExpense": "0", "taxProvision": "None", "interestIncome": "None", "netInterestIncome": "None", "extraordinaryItems": "0", "nonRecurring": "0", "otherItems": "0", "incomeTaxExpense": "0", "totalOtherIncomeExpense": "0", "discontinuedOperations": "0", "netIncomeFromContinuingOperations": "0", "netIncomeApplicableToCommonShares": "0", "preferredStockAndOtherAdjustments": "None"}, {"fiscalDateEnding": "2016-06-30", "reportedCurrency": "USD", "totalRevenue": "0", "totalOperatingExpense": "0", "costOfRevenue": "0", "grossProfit": "0", "ebit": "0", "netIncome": "0", "researchAndDevelopment": "0", "effectOfAccountingCharges": "0", "incomeBeforeTax": "0", "minorityInterest": "0", "sellingGeneralAdministrative": "0", "otherNonOperatingIncome": "None", "operatingIncome": "0", "otherOperatingExpense": "0", "interestExpense": "0", "taxProvision": "None", "interestIncome": "None", "netInterestIncome": "None", "extraordinaryItems": "0", "nonRecurring": "0", "otherItems": "0", "incomeTaxExpense": "0", "totalOtherIncomeExpense": "0", "discontinuedOperations": "0", "netIncomeFromContinuingOperations": "0", "netIncomeApplicableToCommonShares": "0", "preferredStockAndOtherAdjustments": "None"}, {"fiscalDateEnding": "2016-03-31", "reportedCurrency": "USD", "totalRevenue": "0", "totalOperatingExpense": "0", "costOfRevenue": "0", "grossProfit": "0", "ebit": "0", "netIncome": "0", "researchAndDevelopment": "0", "effectOfAccountingCharges": "0", "incomeBeforeTax": "0", "minorityInterest": "0", "sellingGeneralAdministrative": "0", "otherNonOperatingIncome": "None", "operatingIncome": "0", "otherOperatingExpense": "0", "interestExpense": "0", "taxProvision": "None", "interestIncome": "None", "netInterestIncome": "None", "extraordinaryItems": "0", "nonRecurring": "0", "otherItems": "0", "incomeTaxExpense": "0", "totalOtherIncomeExpense": "0", "discontinuedOperations": "0", "netIncomeFromContinuingOperations": "0", "netIncomeApplicableToCommonShares": "0", "preferredStockAndOtherAdjustments": "None"}]}