{"symbol": "ACAD", "annualReports": [{"fiscalDateEnding": "2019-12-31", "reportedCurrency": "USD", "totalRevenue": "339076000", "totalOperatingExpense": "574277000", "costOfRevenue": "11344000", "grossProfit": "327732000", "ebit": "-245548000", "netIncome": "-235259000", "researchAndDevelopment": "240385000", "effectOfAccountingCharges": "None", "incomeBeforeTax": "-234383000", "minorityInterest": "None", "sellingGeneralAdministrative": "325638000", "otherNonOperatingIncome": "997000", "operatingIncome": "-246545000", "otherOperatingExpense": "8254000", "interestExpense": "-11165000", "taxProvision": "876000", "interestIncome": "11165000", "netInterestIncome": "11165000", "extraordinaryItems": "None", "nonRecurring": "None", "otherItems": "None", "incomeTaxExpense": "876000", "totalOtherIncomeExpense": "997000", "discontinuedOperations": "None", "netIncomeFromContinuingOperations": "-235259000", "netIncomeApplicableToCommonShares": "-235259000", "preferredStockAndOtherAdjustments": "None"}, {"fiscalDateEnding": "2018-12-31", "reportedCurrency": "USD", "totalRevenue": "223807000", "totalOperatingExpense": "471251000", "costOfRevenue": "18330000", "grossProfit": "205477000", "ebit": "-244439000", "netIncome": "-245192000", "researchAndDevelopment": "187163000", "effectOfAccountingCharges": "None", "incomeBeforeTax": "-243936000", "minorityInterest": "None", "sellingGeneralAdministrative": "265758000", "otherNonOperatingIncome": "-1840000", "operatingIncome": "-247444000", "otherOperatingExpense": "5953000", "interestExpense": "-5348000", "taxProvision": "1256000", "interestIncome": "5348000", "netInterestIncome": "5348000", "extraordinaryItems": "None", "nonRecurring": "None", "otherItems": "None", "incomeTaxExpense": "1256000", "totalOtherIncomeExpense": "-1840000", "discontinuedOperations": "None", "netIncomeFromContinuingOperations": "-245192000", "netIncomeApplicableToCommonShares": "-245192000", "preferredStockAndOtherAdjustments": "None"}, {"fiscalDateEnding": "2017-12-31", "reportedCurrency": "USD", "totalRevenue": "124901000", "totalOperatingExpense": "417311000", "costOfRevenue": "13060000", "grossProfit": "111841000", "ebit": "-289697000", "netIncome": "-289403000", "researchAndDevelopment": "149189000", "effectOfAccountingCharges": "None", "incomeBeforeTax": "-288284000", "minorityInterest": "None", "sellingGeneralAdministrative": "255062000", "otherNonOperatingIncome": "None", "operatingIncome": "-292410000", "otherOperatingExpense": "None", "interestExpense": "-4126000", "taxProvision": "1119000", "interestIncome": "4126000", "netInterestIncome": "4126000", "extraordinaryItems": "-68889000", "nonRecurring": "None", "otherItems": "None", "incomeTaxExpense": "1119000", "totalOtherIncomeExpense": "4126000", "discontinuedOperations": "None", "netIncomeFromContinuingOperations": "-289403000", "netIncomeApplicableToCommonShares": "-289403000", "preferredStockAndOtherAdjustments": "None"}, {"fiscalDateEnding": "2016-12-31", "reportedCurrency": "USD", "totalRevenue": "17331000", "totalOperatingExpense": "290146000", "costOfRevenue": "4406000", "grossProfit": "12925000", "ebit": "-270987000", "netIncome": "-271393000", "researchAndDevelopment": "99284000", "effectOfAccountingCharges": "None", "incomeBeforeTax": "-270052000", "minorityInterest": "None", "sellingGeneralAdministrative": "186456000", "otherNonOperatingIncome": "None", "operatingIncome": "-272815000", "otherOperatingExpense": "None", "interestExpense": "-2763000", "taxProvision": "1341000", "interestIncome": "2763000", "netInterestIncome": "2763000", "extraordinaryItems": "None", "nonRecurring": "None", "otherItems": "None", "incomeTaxExpense": "1341000", "totalOtherIncomeExpense": "2763000", "discontinuedOperations": "None", "netIncomeFromContinuingOperations": "-271393000", "netIncomeApplicableToCommonShares": "-271393000", "preferredStockAndOtherAdjustments": "None"}, {"fiscalDateEnding": "2015-12-31", "reportedCurrency": "USD", "totalRevenue": "61000", "totalOperatingExpense": "164673000", "costOfRevenue": "2500000", "grossProfit": "61000", "ebit": "-164612000", "netIncome": "-164443000", "researchAndDevelopment": "73869000", "effectOfAccountingCharges": "None", "incomeBeforeTax": "-164113000", "minorityInterest": "None", "sellingGeneralAdministrative": "90804000", "otherNonOperatingIncome": "None", "operatingIncome": "-164612000", "otherOperatingExpense": "None", "interestExpense": "-499000", "taxProvision": "330000", "interestIncome": "499000", "netInterestIncome": "None", "extraordinaryItems": "None", "nonRecurring": "None", "otherItems": "None", "incomeTaxExpense": "330000", "totalOtherIncomeExpense": "-9101000", "discontinuedOperations": "None", "netIncomeFromContinuingOperations": "-164443000", "netIncomeApplicableToCommonShares": "-164443000", "preferredStockAndOtherAdjustments": "None"}], "quarterlyReports": [{"fiscalDateEnding": "2020-06-30", "reportedCurrency": "USD", "totalRevenue": "110103000", "totalOperatingExpense": "151214000", "costOfRevenue": "2899000", "grossProfit": "107204000", "ebit": "-43573000", "netIncome": "-42141000", "researchAndDevelopment": "64295000", "effectOfAccountingCharges": "None", "incomeBeforeTax": "-41748000", "minorityInterest": "None", "sellingGeneralAdministrative": "84344000", "otherNonOperatingIncome": "437000", "operatingIncome": "-44010000", "otherOperatingExpense": "2575000", "interestExpense": "-1825000", "taxProvision": "393000", "interestIncome": "1825000", "netInterestIncome": "1825000", "extraordinaryItems": "None", "nonRecurring": "None", "otherItems": "None", "incomeTaxExpense": "393000", "totalOtherIncomeExpense": "437000", "discontinuedOperations": "None", "netIncomeFromContinuingOperations": "-42141000", "netIncomeApplicableToCommonShares": "-42141000", "preferredStockAndOtherAdjustments": "None"}, {"fiscalDateEnding": "2020-03-31", "reportedCurrency": "USD", "totalRevenue": "90068000", "totalOperatingExpense": "178281000", "costOfRevenue": "2799000", "grossProfit": "87269000", "ebit": "-89515000", "netIncome": "-88023000", "researchAndDevelopment": "72636000", "effectOfAccountingCharges": "None", "incomeBeforeTax": "-88023000", "minorityInterest": "None", "sellingGeneralAdministrative": "103470000", "otherNonOperatingIncome": "None", "operatingIncome": "-89515000", "otherOperatingExpense": "2175000", "interestExpense": "-2989000", "taxProvision": "0", "interestIncome": "2989000", "netInterestIncome": "2989000", "extraordinaryItems": "None", "nonRecurring": "None", "otherItems": "None", "incomeTaxExpense": "None", "totalOtherIncomeExpense": "-1497000", "discontinuedOperations": "None", "netIncomeFromContinuingOperations": "-88023000", "netIncomeApplicableToCommonShares": "-88023000", "preferredStockAndOtherAdjustments": "None"}, {"fiscalDateEnding": "2019-12-31", "reportedCurrency": "USD", "totalRevenue": "98326000", "totalOperatingExpense": "151705000", "costOfRevenue": "3020000", "grossProfit": "95306000", "ebit": "-55908000", "netIncome": "-53036000", "researchAndDevelopment": "57520000", "effectOfAccountingCharges": "None", "incomeBeforeTax": "-52636000", "minorityInterest": "None", "sellingGeneralAdministrative": "91871000", "otherNonOperatingIncome": "491000", "operatingIncome": "-56399000", "otherOperatingExpense": "2314000", "interestExpense": "-3272000", "taxProvision": "400000", "interestIncome": "3272000", "netInterestIncome": "3272000", "extraordinaryItems": "None", "nonRecurring": "None", "otherItems": "None", "incomeTaxExpense": "400000", "totalOtherIncomeExpense": "491000", "discontinuedOperations": "None", "netIncomeFromContinuingOperations": "-53036000", "netIncomeApplicableToCommonShares": "-53036000", "preferredStockAndOtherAdjustments": "None"}, {"fiscalDateEnding": "2019-09-30", "reportedCurrency": "USD", "totalRevenue": "94586000", "totalOperatingExpense": "140007000", "costOfRevenue": "4689000", "grossProfit": "89897000", "ebit": "-44770000", "netIncome": "-41978000", "researchAndDevelopment": "62622000", "effectOfAccountingCharges": "None", "incomeBeforeTax": "-42242000", "minorityInterest": "None", "sellingGeneralAdministrative": "72696000", "otherNonOperatingIncome": "747000", "operatingIncome": "-45421000", "otherOperatingExpense": "2273000", "interestExpense": "-2432000", "taxProvision": "-264000", "interestIncome": "2432000", "netInterestIncome": "2432000", "extraordinaryItems": "None", "nonRecurring": "None", "otherItems": "None", "incomeTaxExpense": "-264000", "totalOtherIncomeExpense": "747000", "discontinuedOperations": "None", "netIncomeFromContinuingOperations": "-41978000", "netIncomeApplicableToCommonShares": "-41978000", "preferredStockAndOtherAdjustments": "None"}, {"fiscalDateEnding": "2019-06-30", "reportedCurrency": "USD", "totalRevenue": "83205000", "totalOperatingExpense": "140296000", "costOfRevenue": "4995000", "grossProfit": "78210000", "ebit": "-56396000", "netIncome": "-54941000", "researchAndDevelopment": "67320000", "effectOfAccountingCharges": "None", "incomeBeforeTax": "-54576000", "minorityInterest": "None", "sellingGeneralAdministrative": "67981000", "otherNonOperatingIncome": "-12000", "operatingIncome": "-57091000", "otherOperatingExpense": "2037000", "interestExpense": "-2527000", "taxProvision": "365000", "interestIncome": "2527000", "netInterestIncome": "2527000", "extraordinaryItems": "None", "nonRecurring": "None", "otherItems": "None", "incomeTaxExpense": "365000", "totalOtherIncomeExpense": "-12000", "discontinuedOperations": "None", "netIncomeFromContinuingOperations": "-54941000", "netIncomeApplicableToCommonShares": "-54941000", "preferredStockAndOtherAdjustments": "None"}, {"fiscalDateEnding": "2019-03-31", "reportedCurrency": "USD", "totalRevenue": "62959000", "totalOperatingExpense": "147643000", "costOfRevenue": "2950000", "grossProfit": "60009000", "ebit": "-87863000", "netIncome": "-85304000", "researchAndDevelopment": "52923000", "effectOfAccountingCharges": "None", "incomeBeforeTax": "-84929000", "minorityInterest": "None", "sellingGeneralAdministrative": "93090000", "otherNonOperatingIncome": "-229000", "operatingIncome": "-87634000", "otherOperatingExpense": "1630000", "interestExpense": "-2934000", "taxProvision": "375000", "interestIncome": "2934000", "netInterestIncome": "2934000", "extraordinaryItems": "None", "nonRecurring": "None", "otherItems": "None", "incomeTaxExpense": "375000", "totalOtherIncomeExpense": "-229000", "discontinuedOperations": "None", "netIncomeFromContinuingOperations": "-85304000", "netIncomeApplicableToCommonShares": "-85304000", "preferredStockAndOtherAdjustments": "None"}, {"fiscalDateEnding": "2018-12-31", "reportedCurrency": "USD", "totalRevenue": "59571000", "totalOperatingExpense": "125355000", "costOfRevenue": "1491000", "grossProfit": "58080000", "ebit": "-67148000", "netIncome": "-65492000", "researchAndDevelopment": "48183000", "effectOfAccountingCharges": "0", "incomeBeforeTax": "-65478000", "minorityInterest": "0", "sellingGeneralAdministrative": "74271000", "otherNonOperatingIncome": "127000", "operatingIncome": "-67275000", "otherOperatingExpense": "2901000", "interestExpense": "-1670000", "taxProvision": "None", "interestIncome": "None", "netInterestIncome": "None", "extraordinaryItems": "0", "nonRecurring": "0", "otherItems": "0", "incomeTaxExpense": "14000", "totalOtherIncomeExpense": "1797000", "discontinuedOperations": "0", "netIncomeFromContinuingOperations": "-65492000", "netIncomeApplicableToCommonShares": "-65492000", "preferredStockAndOtherAdjustments": "None"}, {"fiscalDateEnding": "2018-09-30", "reportedCurrency": "USD", "totalRevenue": "58305000", "totalOperatingExpense": "115737000", "costOfRevenue": "3839000", "grossProfit": "54466000", "ebit": "-62991000", "netIncome": "-62138000", "researchAndDevelopment": "53112000", "effectOfAccountingCharges": "0", "incomeBeforeTax": "-61762000", "minorityInterest": "0", "sellingGeneralAdministrative": "61089000", "otherNonOperatingIncome": "-1720000", "operatingIncome": "-61271000", "otherOperatingExpense": "1536000", "interestExpense": "-1229000", "taxProvision": "None", "interestIncome": "None", "netInterestIncome": "None", "extraordinaryItems": "0", "nonRecurring": "0", "otherItems": "0", "incomeTaxExpense": "376000", "totalOtherIncomeExpense": "-491000", "discontinuedOperations": "0", "netIncomeFromContinuingOperations": "-62138000", "netIncomeApplicableToCommonShares": "-62138000", "preferredStockAndOtherAdjustments": "None"}, {"fiscalDateEnding": "2018-06-30", "reportedCurrency": "USD", "totalRevenue": "57063000", "totalOperatingExpense": "117580000", "costOfRevenue": "3562000", "grossProfit": "53501000", "ebit": "-64326000", "netIncome": "-63266000", "researchAndDevelopment": "46592000", "effectOfAccountingCharges": "0", "incomeBeforeTax": "-63047000", "minorityInterest": "0", "sellingGeneralAdministrative": "69472000", "otherNonOperatingIncome": "-247000", "operatingIncome": "-64079000", "otherOperatingExpense": "1516000", "interestExpense": "-1279000", "taxProvision": "None", "interestIncome": "None", "netInterestIncome": "None", "extraordinaryItems": "0", "nonRecurring": "0", "otherItems": "0", "incomeTaxExpense": "219000", "totalOtherIncomeExpense": "1032000", "discontinuedOperations": "0", "netIncomeFromContinuingOperations": "-63266000", "netIncomeApplicableToCommonShares": "-63266000", "preferredStockAndOtherAdjustments": "None"}, {"fiscalDateEnding": "2018-03-31", "reportedCurrency": "USD", "totalRevenue": "48868000", "totalOperatingExpense": "100202000", "costOfRevenue": "3485000", "grossProfit": "45383000", "ebit": "-54819000", "netIncome": "-54296000", "researchAndDevelopment": "39276000", "effectOfAccountingCharges": "0", "incomeBeforeTax": "-53649000", "minorityInterest": "0", "sellingGeneralAdministrative": "60926000", "otherNonOperatingIncome": "None", "operatingIncome": "-54819000", "otherOperatingExpense": "0", "interestExpense": "-1170000", "taxProvision": "None", "interestIncome": "None", "netInterestIncome": "None", "extraordinaryItems": "0", "nonRecurring": "0", "otherItems": "0", "incomeTaxExpense": "647000", "totalOtherIncomeExpense": "1170000", "discontinuedOperations": "0", "netIncomeFromContinuingOperations": "-54296000", "netIncomeApplicableToCommonShares": "-54296000", "preferredStockAndOtherAdjustments": "None"}, {"fiscalDateEnding": "2017-12-31", "reportedCurrency": "USD", "totalRevenue": "43562000", "totalOperatingExpense": "108718000", "costOfRevenue": "3703000", "grossProfit": "39859000", "ebit": "-68859000", "netIncome": "-68871000", "researchAndDevelopment": "43179000", "effectOfAccountingCharges": "0", "incomeBeforeTax": "-67752000", "minorityInterest": "0", "sellingGeneralAdministrative": "65539000", "otherNonOperatingIncome": "None", "operatingIncome": "-68859000", "otherOperatingExpense": "0", "interestExpense": "-1107000", "taxProvision": "None", "interestIncome": "None", "netInterestIncome": "None", "extraordinaryItems": "0", "nonRecurring": "0", "otherItems": "0", "incomeTaxExpense": "1119000", "totalOtherIncomeExpense": "4126000", "discontinuedOperations": "0", "netIncomeFromContinuingOperations": "-68871000", "netIncomeApplicableToCommonShares": "-68871000", "preferredStockAndOtherAdjustments": "None"}, {"fiscalDateEnding": "2017-09-30", "reportedCurrency": "USD", "totalRevenue": "35578000", "totalOperatingExpense": "98676000", "costOfRevenue": "3213000", "grossProfit": "32365000", "ebit": "-66311000", "netIncome": "-65248000", "researchAndDevelopment": "36421000", "effectOfAccountingCharges": "0", "incomeBeforeTax": "-65248000", "minorityInterest": "0", "sellingGeneralAdministrative": "62255000", "otherNonOperatingIncome": "None", "operatingIncome": "-66311000", "otherOperatingExpense": "0", "interestExpense": "-1063000", "taxProvision": "None", "interestIncome": "None", "netInterestIncome": "None", "extraordinaryItems": "0", "nonRecurring": "0", "otherItems": "0", "incomeTaxExpense": "667000", "totalOtherIncomeExpense": "0", "discontinuedOperations": "0", "netIncomeFromContinuingOperations": "-65248000", "netIncomeApplicableToCommonShares": "-65248000", "preferredStockAndOtherAdjustments": "None"}, {"fiscalDateEnding": "2017-06-30", "reportedCurrency": "USD", "totalRevenue": "30475000", "totalOperatingExpense": "95703000", "costOfRevenue": "3206000", "grossProfit": "27269000", "ebit": "-68434000", "netIncome": "-67441000", "researchAndDevelopment": "34180000", "effectOfAccountingCharges": "0", "incomeBeforeTax": "-67441000", "minorityInterest": "0", "sellingGeneralAdministrative": "61523000", "otherNonOperatingIncome": "None", "operatingIncome": "-68434000", "otherOperatingExpense": "0", "interestExpense": "-993000", "taxProvision": "None", "interestIncome": "None", "netInterestIncome": "None", "extraordinaryItems": "0", "nonRecurring": "0", "otherItems": "0", "incomeTaxExpense": "398000", "totalOtherIncomeExpense": "0", "discontinuedOperations": "0", "netIncomeFromContinuingOperations": "-67441000", "netIncomeApplicableToCommonShares": "-67441000", "preferredStockAndOtherAdjustments": "None"}, {"fiscalDateEnding": "2017-03-31", "reportedCurrency": "USD", "totalRevenue": "15286000", "totalOperatingExpense": "101154000", "costOfRevenue": "2938000", "grossProfit": "12348000", "ebit": "-88806000", "netIncome": "-87843000", "researchAndDevelopment": "35409000", "effectOfAccountingCharges": "0", "incomeBeforeTax": "-87843000", "minorityInterest": "0", "sellingGeneralAdministrative": "65745000", "otherNonOperatingIncome": "None", "operatingIncome": "-88806000", "otherOperatingExpense": "0", "interestExpense": "-963000", "taxProvision": "None", "interestIncome": "None", "netInterestIncome": "None", "extraordinaryItems": "0", "nonRecurring": "0", "otherItems": "0", "incomeTaxExpense": "85000", "totalOtherIncomeExpense": "0", "discontinuedOperations": "0", "netIncomeFromContinuingOperations": "-87843000", "netIncomeApplicableToCommonShares": "-87843000", "preferredStockAndOtherAdjustments": "None"}, {"fiscalDateEnding": "2016-12-31", "reportedCurrency": "USD", "totalRevenue": "11962000", "totalOperatingExpense": "87881000", "costOfRevenue": "2312000", "grossProfit": "9650000", "ebit": "-78231000", "netIncome": "-78696000", "researchAndDevelopment": "30218000", "effectOfAccountingCharges": "0", "incomeBeforeTax": "-77355000", "minorityInterest": "0", "sellingGeneralAdministrative": "57663000", "otherNonOperatingIncome": "None", "operatingIncome": "-78231000", "otherOperatingExpense": "0", "interestExpense": "-876000", "taxProvision": "None", "interestIncome": "None", "netInterestIncome": "None", "extraordinaryItems": "0", "nonRecurring": "0", "otherItems": "0", "incomeTaxExpense": "1341000", "totalOtherIncomeExpense": "2763000", "discontinuedOperations": "0", "netIncomeFromContinuingOperations": "-78696000", "netIncomeApplicableToCommonShares": "-78696000", "preferredStockAndOtherAdjustments": "None"}, {"fiscalDateEnding": "2016-09-30", "reportedCurrency": "USD", "totalRevenue": "5268000", "totalOperatingExpense": "76347000", "costOfRevenue": "1320000", "grossProfit": "3948000", "ebit": "-72399000", "netIncome": "-71613000", "researchAndDevelopment": "25813000", "effectOfAccountingCharges": "0", "incomeBeforeTax": "-71613000", "minorityInterest": "0", "sellingGeneralAdministrative": "50534000", "otherNonOperatingIncome": "None", "operatingIncome": "-72399000", "otherOperatingExpense": "0", "interestExpense": "-786000", "taxProvision": "None", "interestIncome": "None", "netInterestIncome": "None", "extraordinaryItems": "0", "nonRecurring": "0", "otherItems": "0", "incomeTaxExpense": "0", "totalOtherIncomeExpense": "0", "discontinuedOperations": "0", "netIncomeFromContinuingOperations": "-71613000", "netIncomeApplicableToCommonShares": "-71613000", "preferredStockAndOtherAdjustments": "None"}, {"fiscalDateEnding": "2016-06-30", "reportedCurrency": "USD", "totalRevenue": "97000", "totalOperatingExpense": "71246000", "costOfRevenue": "774000", "grossProfit": "-677000", "ebit": "-71923000", "netIncome": "-71322000", "researchAndDevelopment": "20478000", "effectOfAccountingCharges": "0", "incomeBeforeTax": "-71322000", "minorityInterest": "0", "sellingGeneralAdministrative": "50768000", "otherNonOperatingIncome": "None", "operatingIncome": "-71923000", "otherOperatingExpense": "0", "interestExpense": "-601000", "taxProvision": "None", "interestIncome": "None", "netInterestIncome": "None", "extraordinaryItems": "0", "nonRecurring": "0", "otherItems": "0", "incomeTaxExpense": "0", "totalOtherIncomeExpense": "0", "discontinuedOperations": "0", "netIncomeFromContinuingOperations": "-71322000", "netIncomeApplicableToCommonShares": "-71322000", "preferredStockAndOtherAdjustments": "None"}, {"fiscalDateEnding": "2016-03-31", "reportedCurrency": "USD", "totalRevenue": "4000", "totalOperatingExpense": "50266000", "costOfRevenue": "11020000", "grossProfit": "4000", "ebit": "-50262000", "netIncome": "-49762000", "researchAndDevelopment": "22775000", "effectOfAccountingCharges": "0", "incomeBeforeTax": "-49762000", "minorityInterest": "0", "sellingGeneralAdministrative": "27491000", "otherNonOperatingIncome": "None", "operatingIncome": "-50262000", "otherOperatingExpense": "0", "interestExpense": "-500000", "taxProvision": "None", "interestIncome": "None", "netInterestIncome": "None", "extraordinaryItems": "0", "nonRecurring": "0", "otherItems": "0", "incomeTaxExpense": "0", "totalOtherIncomeExpense": "0", "discontinuedOperations": "0", "netIncomeFromContinuingOperations": "-49762000", "netIncomeApplicableToCommonShares": "-49762000", "preferredStockAndOtherAdjustments": "None"}, {"fiscalDateEnding": "2015-12-31", "reportedCurrency": "USD", "totalRevenue": "17000", "totalOperatingExpense": "45582000", "costOfRevenue": "45454000", "grossProfit": "17000", "ebit": "-45565000", "netIncome": "-45784000", "researchAndDevelopment": "20466000", "effectOfAccountingCharges": "0", "incomeBeforeTax": "-45454000", "minorityInterest": "0", "sellingGeneralAdministrative": "25116000", "otherNonOperatingIncome": "None", "operatingIncome": "-45565000", "otherOperatingExpense": "0", "interestExpense": "-111000", "taxProvision": "None", "interestIncome": "None", "netInterestIncome": "None", "extraordinaryItems": "0", "nonRecurring": "0", "otherItems": "0", "incomeTaxExpense": "330000", "totalOtherIncomeExpense": "-9101000", "discontinuedOperations": "0", "netIncomeFromContinuingOperations": "-45784000", "netIncomeApplicableToCommonShares": "-45784000", "preferredStockAndOtherAdjustments": "None"}, {"fiscalDateEnding": "2015-09-30", "reportedCurrency": "USD", "totalRevenue": "39000", "totalOperatingExpense": "39037000", "costOfRevenue": "38920000", "grossProfit": "39000", "ebit": "-38998000", "netIncome": "-38906000", "researchAndDevelopment": "18729000", "effectOfAccountingCharges": "0", "incomeBeforeTax": "-38906000", "minorityInterest": "0", "sellingGeneralAdministrative": "20308000", "otherNonOperatingIncome": "None", "operatingIncome": "-38998000", "otherOperatingExpense": "0", "interestExpense": "-92000", "taxProvision": "None", "interestIncome": "None", "netInterestIncome": "None", "extraordinaryItems": "0", "nonRecurring": "0", "otherItems": "0", "incomeTaxExpense": "0", "totalOtherIncomeExpense": "0", "discontinuedOperations": "0", "netIncomeFromContinuingOperations": "-38906000", "netIncomeApplicableToCommonShares": "-38906000", "preferredStockAndOtherAdjustments": "None"}, {"fiscalDateEnding": "2015-06-30", "reportedCurrency": "USD", "totalRevenue": "1000", "totalOperatingExpense": "39498000", "costOfRevenue": "39218000", "grossProfit": "1000", "ebit": "-39497000", "netIncome": "-39378000", "researchAndDevelopment": "18379000", "effectOfAccountingCharges": "0", "incomeBeforeTax": "-39378000", "minorityInterest": "0", "sellingGeneralAdministrative": "21119000", "otherNonOperatingIncome": "None", "operatingIncome": "-39497000", "otherOperatingExpense": "0", "interestExpense": "-119000", "taxProvision": "None", "interestIncome": "None", "netInterestIncome": "None", "extraordinaryItems": "0", "nonRecurring": "0", "otherItems": "0", "incomeTaxExpense": "0", "totalOtherIncomeExpense": "0", "discontinuedOperations": "0", "netIncomeFromContinuingOperations": "-39378000", "netIncomeApplicableToCommonShares": "-39378000", "preferredStockAndOtherAdjustments": "None"}]}