{"symbol": "ACBI", "annualReports": [{"fiscalDateEnding": "2019-12-31", "reportedCurrency": "USD", "totalRevenue": "91589000", "totalOperatingExpense": "52891000", "costOfRevenue": "None", "grossProfit": "88877000", "ebit": "None", "netIncome": "49855000", "researchAndDevelopment": "None", "effectOfAccountingCharges": "None", "incomeBeforeTax": "35769000", "minorityInterest": "None", "sellingGeneralAdministrative": "38935000", "otherNonOperatingIncome": "None", "operatingIncome": "35986000", "otherOperatingExpense": "5274000", "interestExpense": "24983000", "taxProvision": "7611000", "interestIncome": "105847000", "netInterestIncome": "80864000", "extraordinaryItems": "21697000", "nonRecurring": "None", "otherItems": "None", "incomeTaxExpense": "7611000", "totalOtherIncomeExpense": "-217000", "discontinuedOperations": "21697000", "netIncomeFromContinuingOperations": "28158000", "netIncomeApplicableToCommonShares": "49855000", "preferredStockAndOtherAdjustments": "None"}, {"fiscalDateEnding": "2018-12-31", "reportedCurrency": "USD", "totalRevenue": "84613000", "totalOperatingExpense": "49429000", "costOfRevenue": "20459000", "grossProfit": "84348000", "ebit": "0", "netIncome": "28532000", "researchAndDevelopment": "None", "effectOfAccountingCharges": "None", "incomeBeforeTax": "34357000", "minorityInterest": "None", "sellingGeneralAdministrative": "35880000", "otherNonOperatingIncome": "None", "operatingIncome": "34919000", "otherOperatingExpense": "4811000", "interestExpense": "18513000", "taxProvision": "6307000", "interestIncome": "94760000", "netInterestIncome": "76247000", "extraordinaryItems": "482000", "nonRecurring": "None", "otherItems": "None", "incomeTaxExpense": "6307000", "totalOtherIncomeExpense": "-562000", "discontinuedOperations": "482000", "netIncomeFromContinuingOperations": "28050000", "netIncomeApplicableToCommonShares": "28532000", "preferredStockAndOtherAdjustments": "None"}, {"fiscalDateEnding": "2017-12-31", "reportedCurrency": "USD", "totalRevenue": "97029000", "totalOperatingExpense": "51833000", "costOfRevenue": "18347000", "grossProfit": "71793000", "ebit": "0", "netIncome": "-3726000", "researchAndDevelopment": "0", "effectOfAccountingCharges": "None", "incomeBeforeTax": "20648000", "minorityInterest": "None", "sellingGeneralAdministrative": "51776000", "otherNonOperatingIncome": "None", "operatingIncome": "19960000", "otherOperatingExpense": "5588000", "interestExpense": "15129000", "taxProvision": "24374000", "interestIncome": "96271000", "netInterestIncome": "81142000", "extraordinaryItems": "-16370000", "nonRecurring": "304000", "otherItems": "None", "incomeTaxExpense": "23715000", "totalOtherIncomeExpense": "-1001000", "discontinuedOperations": "1030000", "netIncomeFromContinuingOperations": "-3726000", "netIncomeApplicableToCommonShares": "-3726000", "preferredStockAndOtherAdjustments": "None"}, {"fiscalDateEnding": "2016-12-31", "reportedCurrency": "USD", "totalRevenue": "94555000", "totalOperatingExpense": "46320000", "costOfRevenue": "15325000", "grossProfit": "61884000", "ebit": "0", "netIncome": "13395000", "researchAndDevelopment": "0", "effectOfAccountingCharges": "None", "incomeBeforeTax": "21344000", "minorityInterest": "None", "sellingGeneralAdministrative": "48724000", "otherNonOperatingIncome": "None", "operatingIncome": "15564000", "otherOperatingExpense": "7083000", "interestExpense": "11509000", "taxProvision": "7949000", "interestIncome": "88217000", "netInterestIncome": "76708000", "extraordinaryItems": "5831000", "nonRecurring": "2742000", "otherItems": "None", "incomeTaxExpense": "4221000", "totalOtherIncomeExpense": "-3779000", "discontinuedOperations": "5831000", "netIncomeFromContinuingOperations": "13395000", "netIncomeApplicableToCommonShares": "13395000", "preferredStockAndOtherAdjustments": "None"}, {"fiscalDateEnding": "2015-12-31", "reportedCurrency": "USD", "totalRevenue": "45408000", "totalOperatingExpense": "35394000", "costOfRevenue": "12958000", "grossProfit": "45408000", "ebit": "0", "netIncome": "-1319000", "researchAndDevelopment": "0", "effectOfAccountingCharges": "None", "incomeBeforeTax": "-525000", "minorityInterest": "None", "sellingGeneralAdministrative": "31302000", "otherNonOperatingIncome": "None", "operatingIncome": "10014000", "otherOperatingExpense": "4092000", "interestExpense": "4923000", "taxProvision": "794000", "interestIncome": "48967000", "netInterestIncome": "44044000", "extraordinaryItems": "None", "nonRecurring": "9154000", "otherItems": "None", "incomeTaxExpense": "794000", "totalOtherIncomeExpense": "-10539000", "discontinuedOperations": "5831000", "netIncomeFromContinuingOperations": "-1319000", "netIncomeApplicableToCommonShares": "-1319000", "preferredStockAndOtherAdjustments": "None"}], "quarterlyReports": [{"fiscalDateEnding": "2020-06-30", "reportedCurrency": "USD", "totalRevenue": "23974000", "totalOperatingExpense": "None", "costOfRevenue": "None", "grossProfit": "None", "ebit": "None", "netIncome": "1849000", "researchAndDevelopment": "None", "effectOfAccountingCharges": "None", "incomeBeforeTax": "2207000", "minorityInterest": "None", "sellingGeneralAdministrative": "9424000", "otherNonOperatingIncome": "None", "operatingIncome": "None", "otherOperatingExpense": "1042000", "interestExpense": "2166000", "taxProvision": "358000", "interestIncome": "23797000", "netInterestIncome": "21631000", "extraordinaryItems": "None", "nonRecurring": "None", "otherItems": "None", "incomeTaxExpense": "358000", "totalOtherIncomeExpense": "None", "discontinuedOperations": "None", "netIncomeFromContinuingOperations": "1849000", "netIncomeApplicableToCommonShares": "1849000", "preferredStockAndOtherAdjustments": "None"}, {"fiscalDateEnding": "2020-03-31", "reportedCurrency": "USD", "totalRevenue": "23402000", "totalOperatingExpense": "None", "costOfRevenue": "None", "grossProfit": "None", "ebit": "None", "netIncome": "2124000", "researchAndDevelopment": "None", "effectOfAccountingCharges": "None", "incomeBeforeTax": "2451000", "minorityInterest": "None", "sellingGeneralAdministrative": "9666000", "otherNonOperatingIncome": "None", "operatingIncome": "None", "otherOperatingExpense": "933000", "interestExpense": "5043000", "taxProvision": "327000", "interestIncome": "26023000", "netInterestIncome": "20980000", "extraordinaryItems": "None", "nonRecurring": "None", "otherItems": "None", "incomeTaxExpense": "327000", "totalOtherIncomeExpense": "None", "discontinuedOperations": "None", "netIncomeFromContinuingOperations": "2124000", "netIncomeApplicableToCommonShares": "2124000", "preferredStockAndOtherAdjustments": "None"}, {"fiscalDateEnding": "2019-12-31", "reportedCurrency": "USD", "totalRevenue": "23246000", "totalOperatingExpense": "13382000", "costOfRevenue": "None", "grossProfit": "22459000", "ebit": "None", "netIncome": "7140000", "researchAndDevelopment": "None", "effectOfAccountingCharges": "None", "incomeBeforeTax": "9077000", "minorityInterest": "None", "sellingGeneralAdministrative": "9737000", "otherNonOperatingIncome": "None", "operatingIncome": "9077000", "otherOperatingExpense": "1461000", "interestExpense": "5965000", "taxProvision": "1937000", "interestIncome": "26532000", "netInterestIncome": "20567000", "extraordinaryItems": "None", "nonRecurring": "None", "otherItems": "None", "incomeTaxExpense": "1937000", "totalOtherIncomeExpense": "None", "discontinuedOperations": "None", "netIncomeFromContinuingOperations": "7140000", "netIncomeApplicableToCommonShares": "7140000", "preferredStockAndOtherAdjustments": "None"}, {"fiscalDateEnding": "2019-09-30", "reportedCurrency": "USD", "totalRevenue": "22753000", "totalOperatingExpense": "12870000", "costOfRevenue": "None", "grossProfit": "22340000", "ebit": "None", "netIncome": "8186000", "researchAndDevelopment": "None", "effectOfAccountingCharges": "None", "incomeBeforeTax": "9663000", "minorityInterest": "None", "sellingGeneralAdministrative": "9173000", "otherNonOperatingIncome": "None", "operatingIncome": "9470000", "otherOperatingExpense": "1176000", "interestExpense": "6536000", "taxProvision": "2094000", "interestIncome": "26520000", "netInterestIncome": "19984000", "extraordinaryItems": "617000", "nonRecurring": "None", "otherItems": "None", "incomeTaxExpense": "2094000", "totalOtherIncomeExpense": "193000", "discontinuedOperations": "617000", "netIncomeFromContinuingOperations": "7569000", "netIncomeApplicableToCommonShares": "8186000", "preferredStockAndOtherAdjustments": "None"}, {"fiscalDateEnding": "2019-06-30", "reportedCurrency": "USD", "totalRevenue": "22830000", "totalOperatingExpense": "13079000", "costOfRevenue": "None", "grossProfit": "22132000", "ebit": "None", "netIncome": "29152000", "researchAndDevelopment": "None", "effectOfAccountingCharges": "None", "incomeBeforeTax": "8878000", "minorityInterest": "None", "sellingGeneralAdministrative": "9628000", "otherNonOperatingIncome": "None", "operatingIncome": "9053000", "otherOperatingExpense": "1392000", "interestExpense": "6709000", "taxProvision": "1869000", "interestIncome": "26598000", "netInterestIncome": "19889000", "extraordinaryItems": "22143000", "nonRecurring": "None", "otherItems": "None", "incomeTaxExpense": "1869000", "totalOtherIncomeExpense": "-175000", "discontinuedOperations": "22143000", "netIncomeFromContinuingOperations": "7009000", "netIncomeApplicableToCommonShares": "29152000", "preferredStockAndOtherAdjustments": "None"}, {"fiscalDateEnding": "2019-03-31", "reportedCurrency": "USD", "totalRevenue": "22760000", "totalOperatingExpense": "13560000", "costOfRevenue": "None", "grossProfit": "21946000", "ebit": "None", "netIncome": "5377000", "researchAndDevelopment": "None", "effectOfAccountingCharges": "None", "incomeBeforeTax": "8151000", "minorityInterest": "None", "sellingGeneralAdministrative": "10397000", "otherNonOperatingIncome": "None", "operatingIncome": "8386000", "otherOperatingExpense": "1245000", "interestExpense": "5773000", "taxProvision": "1711000", "interestIncome": "26197000", "netInterestIncome": "20424000", "extraordinaryItems": "-1063000", "nonRecurring": "None", "otherItems": "None", "incomeTaxExpense": "1711000", "totalOtherIncomeExpense": "-235000", "discontinuedOperations": "-1063000", "netIncomeFromContinuingOperations": "6440000", "netIncomeApplicableToCommonShares": "5377000", "preferredStockAndOtherAdjustments": "None"}, {"fiscalDateEnding": "2018-12-31", "reportedCurrency": "USD", "totalRevenue": "20730000", "totalOperatingExpense": "12051000", "costOfRevenue": "6062000", "grossProfit": "20730000", "ebit": "0", "netIncome": "8830000", "researchAndDevelopment": "0", "effectOfAccountingCharges": "0", "incomeBeforeTax": "8522000", "minorityInterest": "0", "sellingGeneralAdministrative": "10984000", "otherNonOperatingIncome": "None", "operatingIncome": "8679000", "otherOperatingExpense": "1067000", "interestExpense": "2760000", "taxProvision": "None", "interestIncome": "None", "netInterestIncome": "None", "extraordinaryItems": "482000", "nonRecurring": "0", "otherItems": "0", "incomeTaxExpense": "1039000", "totalOtherIncomeExpense": "-157000", "discontinuedOperations": "1347000", "netIncomeFromContinuingOperations": "7483000", "netIncomeApplicableToCommonShares": "8830000", "preferredStockAndOtherAdjustments": "None"}, {"fiscalDateEnding": "2018-09-30", "reportedCurrency": "USD", "totalRevenue": "24784000", "totalOperatingExpense": "16079000", "costOfRevenue": "6801000", "grossProfit": "24784000", "ebit": "0", "netIncome": "6513000", "researchAndDevelopment": "0", "effectOfAccountingCharges": "0", "incomeBeforeTax": "8189000", "minorityInterest": "0", "sellingGeneralAdministrative": "14510000", "otherNonOperatingIncome": "None", "operatingIncome": "8705000", "otherOperatingExpense": "1569000", "interestExpense": "5956000", "taxProvision": "None", "interestIncome": "None", "netInterestIncome": "None", "extraordinaryItems": "0", "nonRecurring": "0", "otherItems": "0", "incomeTaxExpense": "1676000", "totalOtherIncomeExpense": "-516000", "discontinuedOperations": "1347000", "netIncomeFromContinuingOperations": "6513000", "netIncomeApplicableToCommonShares": "6513000", "preferredStockAndOtherAdjustments": "None"}, {"fiscalDateEnding": "2018-06-30", "reportedCurrency": "USD", "totalRevenue": "27518000", "totalOperatingExpense": "16843000", "costOfRevenue": "5159000", "grossProfit": "27518000", "ebit": "0", "netIncome": "8151000", "researchAndDevelopment": "0", "effectOfAccountingCharges": "0", "incomeBeforeTax": "10157000", "minorityInterest": "0", "sellingGeneralAdministrative": "15251000", "otherNonOperatingIncome": "None", "operatingIncome": "10675000", "otherOperatingExpense": "1592000", "interestExpense": "5332000", "taxProvision": "None", "interestIncome": "None", "netInterestIncome": "None", "extraordinaryItems": "0", "nonRecurring": "0", "otherItems": "0", "incomeTaxExpense": "2006000", "totalOtherIncomeExpense": "-518000", "discontinuedOperations": "1347000", "netIncomeFromContinuingOperations": "8151000", "netIncomeApplicableToCommonShares": "8151000", "preferredStockAndOtherAdjustments": "None"}, {"fiscalDateEnding": "2018-03-31", "reportedCurrency": "USD", "totalRevenue": "24728000", "totalOperatingExpense": "16520000", "costOfRevenue": "5237000", "grossProfit": "24728000", "ebit": "0", "netIncome": "5038000", "researchAndDevelopment": "0", "effectOfAccountingCharges": "0", "incomeBeforeTax": "6336000", "minorityInterest": "0", "sellingGeneralAdministrative": "14219000", "otherNonOperatingIncome": "None", "operatingIncome": "10509000", "otherOperatingExpense": "1278000", "interestExpense": "4465000", "taxProvision": "None", "interestIncome": "None", "netInterestIncome": "None", "extraordinaryItems": "0", "nonRecurring": "0", "otherItems": "0", "incomeTaxExpense": "1298000", "totalOtherIncomeExpense": "-1872000", "discontinuedOperations": "1347000", "netIncomeFromContinuingOperations": "5038000", "netIncomeApplicableToCommonShares": "5038000", "preferredStockAndOtherAdjustments": "None"}, {"fiscalDateEnding": "2017-12-31", "reportedCurrency": "USD", "totalRevenue": "71793000", "totalOperatingExpense": "33035000", "costOfRevenue": "4310000", "grossProfit": "71793000", "ebit": "4896000", "netIncome": "-7778000", "researchAndDevelopment": "0", "effectOfAccountingCharges": "0", "incomeBeforeTax": "3801000", "minorityInterest": "0", "sellingGeneralAdministrative": "15326000", "otherNonOperatingIncome": "None", "operatingIncome": "9069000", "otherOperatingExpense": "7919000", "interestExpense": "11069000", "taxProvision": "None", "interestIncome": "None", "netInterestIncome": "None", "extraordinaryItems": "0", "nonRecurring": "304000", "otherItems": "0", "incomeTaxExpense": "19138000", "totalOtherIncomeExpense": "-3001000", "discontinuedOperations": "1030000", "netIncomeFromContinuingOperations": "-5511000", "netIncomeApplicableToCommonShares": "-7778000", "preferredStockAndOtherAdjustments": "None"}, {"fiscalDateEnding": "2017-09-30", "reportedCurrency": "USD", "totalRevenue": "0", "totalOperatingExpense": "16798000", "costOfRevenue": "4382000", "grossProfit": "0", "ebit": "5258000", "netIncome": "4052000", "researchAndDevelopment": "0", "effectOfAccountingCharges": "0", "incomeBeforeTax": "5942000", "minorityInterest": "0", "sellingGeneralAdministrative": "12314000", "otherNonOperatingIncome": "None", "operatingIncome": "11132000", "otherOperatingExpense": "-1424000", "interestExpense": "227000", "taxProvision": "None", "interestIncome": "None", "netInterestIncome": "None", "extraordinaryItems": "0", "nonRecurring": "608000", "otherItems": "0", "incomeTaxExpense": "1890000", "totalOtherIncomeExpense": "0", "discontinuedOperations": "0", "netIncomeFromContinuingOperations": "6116000", "netIncomeApplicableToCommonShares": "4052000", "preferredStockAndOtherAdjustments": "None"}, {"fiscalDateEnding": "2017-06-30", "reportedCurrency": "USD", "totalRevenue": "0", "totalOperatingExpense": "0", "costOfRevenue": "5813000", "grossProfit": "0", "ebit": "-16047000", "netIncome": "4329000", "researchAndDevelopment": "0", "effectOfAccountingCharges": "0", "incomeBeforeTax": "6173000", "minorityInterest": "0", "sellingGeneralAdministrative": "12673000", "otherNonOperatingIncome": "None", "operatingIncome": "10821000", "otherOperatingExpense": "-2011000", "interestExpense": "625000", "taxProvision": "None", "interestIncome": "None", "netInterestIncome": "None", "extraordinaryItems": "0", "nonRecurring": "-912000", "otherItems": "0", "incomeTaxExpense": "1844000", "totalOtherIncomeExpense": "0", "discontinuedOperations": "0", "netIncomeFromContinuingOperations": "-8591000", "netIncomeApplicableToCommonShares": "4329000", "preferredStockAndOtherAdjustments": "None"}, {"fiscalDateEnding": "2017-03-31", "reportedCurrency": "USD", "totalRevenue": "0", "totalOperatingExpense": "0", "costOfRevenue": "3842000", "grossProfit": "0", "ebit": "5893000", "netIncome": "3230000", "researchAndDevelopment": "0", "effectOfAccountingCharges": "0", "incomeBeforeTax": "4732000", "minorityInterest": "0", "sellingGeneralAdministrative": "13100000", "otherNonOperatingIncome": "None", "operatingIncome": "9376000", "otherOperatingExpense": "1104000", "interestExpense": "3208000", "taxProvision": "None", "interestIncome": "None", "netInterestIncome": "None", "extraordinaryItems": "0", "nonRecurring": "304000", "otherItems": "0", "incomeTaxExpense": "1502000", "totalOtherIncomeExpense": "0", "discontinuedOperations": "0", "netIncomeFromContinuingOperations": "3230000", "netIncomeApplicableToCommonShares": "3230000", "preferredStockAndOtherAdjustments": "None"}, {"fiscalDateEnding": "2016-12-31", "reportedCurrency": "USD", "totalRevenue": "61884000", "totalOperatingExpense": "46320000", "costOfRevenue": "5237000", "grossProfit": "61884000", "ebit": "21723000", "netIncome": "1609000", "researchAndDevelopment": "0", "effectOfAccountingCharges": "0", "incomeBeforeTax": "2725000", "minorityInterest": "0", "sellingGeneralAdministrative": "12958000", "otherNonOperatingIncome": "None", "operatingIncome": "8542000", "otherOperatingExpense": "10435000", "interestExpense": "8568000", "taxProvision": "None", "interestIncome": "None", "netInterestIncome": "None", "extraordinaryItems": "0", "nonRecurring": "5793000", "otherItems": "0", "incomeTaxExpense": "1116000", "totalOtherIncomeExpense": "-3779000", "discontinuedOperations": "5831000", "netIncomeFromContinuingOperations": "19297000", "netIncomeApplicableToCommonShares": "1609000", "preferredStockAndOtherAdjustments": "None"}, {"fiscalDateEnding": "2016-09-30", "reportedCurrency": "USD", "totalRevenue": "0", "totalOperatingExpense": "0", "costOfRevenue": "3404000", "grossProfit": "0", "ebit": "-31158000", "netIncome": "3708000", "researchAndDevelopment": "0", "effectOfAccountingCharges": "0", "incomeBeforeTax": "5597000", "minorityInterest": "0", "sellingGeneralAdministrative": "12156000", "otherNonOperatingIncome": "None", "operatingIncome": "10737000", "otherOperatingExpense": "-4797000", "interestExpense": "34000", "taxProvision": "None", "interestIncome": "None", "netInterestIncome": "None", "extraordinaryItems": "0", "nonRecurring": "-4261000", "otherItems": "0", "incomeTaxExpense": "1889000", "totalOtherIncomeExpense": "0", "discontinuedOperations": "0", "netIncomeFromContinuingOperations": "-16880000", "netIncomeApplicableToCommonShares": "3708000", "preferredStockAndOtherAdjustments": "None"}, {"fiscalDateEnding": "2016-06-30", "reportedCurrency": "USD", "totalRevenue": "0", "totalOperatingExpense": "0", "costOfRevenue": "3684000", "grossProfit": "0", "ebit": "9435000", "netIncome": "5147000", "researchAndDevelopment": "0", "effectOfAccountingCharges": "0", "incomeBeforeTax": "8369000", "minorityInterest": "0", "sellingGeneralAdministrative": "12418000", "otherNonOperatingIncome": "None", "operatingIncome": "11009000", "otherOperatingExpense": "1445000", "interestExpense": "275000", "taxProvision": "None", "interestIncome": "None", "netInterestIncome": "None", "extraordinaryItems": "0", "nonRecurring": "1210000", "otherItems": "0", "incomeTaxExpense": "3222000", "totalOtherIncomeExpense": "0", "discontinuedOperations": "0", "netIncomeFromContinuingOperations": "5147000", "netIncomeApplicableToCommonShares": "5147000", "preferredStockAndOtherAdjustments": "None"}, {"fiscalDateEnding": "2016-03-31", "reportedCurrency": "USD", "totalRevenue": "0", "totalOperatingExpense": "0", "costOfRevenue": "3000000", "grossProfit": "0", "ebit": "0", "netIncome": "2931000", "researchAndDevelopment": "0", "effectOfAccountingCharges": "0", "incomeBeforeTax": "4653000", "minorityInterest": "0", "sellingGeneralAdministrative": "12341000", "otherNonOperatingIncome": "None", "operatingIncome": "10578000", "otherOperatingExpense": "0", "interestExpense": "2632000", "taxProvision": "None", "interestIncome": "None", "netInterestIncome": "None", "extraordinaryItems": "0", "nonRecurring": "0", "otherItems": "0", "incomeTaxExpense": "1722000", "totalOtherIncomeExpense": "0", "discontinuedOperations": "0", "netIncomeFromContinuingOperations": "0", "netIncomeApplicableToCommonShares": "2931000", "preferredStockAndOtherAdjustments": "None"}, {"fiscalDateEnding": "2015-12-31", "reportedCurrency": "USD", "totalRevenue": "45408000", "totalOperatingExpense": "35394000", "costOfRevenue": "9915000", "grossProfit": "45408000", "ebit": "0", "netIncome": "-3545000", "researchAndDevelopment": "0", "effectOfAccountingCharges": "0", "incomeBeforeTax": "-4214000", "minorityInterest": "0", "sellingGeneralAdministrative": "11176000", "otherNonOperatingIncome": "None", "operatingIncome": "609000", "otherOperatingExpense": "4092000", "interestExpense": "2292000", "taxProvision": "None", "interestIncome": "None", "netInterestIncome": "None", "extraordinaryItems": "0", "nonRecurring": "9154000", "otherItems": "0", "incomeTaxExpense": "-669000", "totalOtherIncomeExpense": "-10539000", "discontinuedOperations": "5831000", "netIncomeFromContinuingOperations": "-1319000", "netIncomeApplicableToCommonShares": "-3545000", "preferredStockAndOtherAdjustments": "None"}, {"fiscalDateEnding": "2015-09-30", "reportedCurrency": "USD", "totalRevenue": "0", "totalOperatingExpense": "0", "costOfRevenue": "703000", "grossProfit": "0", "ebit": "0", "netIncome": "2226000", "researchAndDevelopment": "0", "effectOfAccountingCharges": "0", "incomeBeforeTax": "3689000", "minorityInterest": "0", "sellingGeneralAdministrative": "5521000", "otherNonOperatingIncome": "None", "operatingIncome": "5839000", "otherOperatingExpense": "0", "interestExpense": "2631000", "taxProvision": "None", "interestIncome": "None", "netInterestIncome": "None", "extraordinaryItems": "0", "nonRecurring": "0", "otherItems": "0", "incomeTaxExpense": "1463000", "totalOtherIncomeExpense": "0", "discontinuedOperations": "0", "netIncomeFromContinuingOperations": "0", "netIncomeApplicableToCommonShares": "2226000", "preferredStockAndOtherAdjustments": "None"}, {"fiscalDateEnding": "2015-06-30", "reportedCurrency": "USD", "totalRevenue": "0", "totalOperatingExpense": "0", "costOfRevenue": "1096000", "grossProfit": "0", "ebit": "0", "netIncome": "2902000", "researchAndDevelopment": "0", "effectOfAccountingCharges": "0", "incomeBeforeTax": "4592000", "minorityInterest": "0", "sellingGeneralAdministrative": "5484000", "otherNonOperatingIncome": "None", "operatingIncome": "5817000", "otherOperatingExpense": "0", "interestExpense": "0", "taxProvision": "None", "interestIncome": "None", "netInterestIncome": "None", "extraordinaryItems": "0", "nonRecurring": "0", "otherItems": "0", "incomeTaxExpense": "1690000", "totalOtherIncomeExpense": "0", "discontinuedOperations": "0", "netIncomeFromContinuingOperations": "0", "netIncomeApplicableToCommonShares": "2902000", "preferredStockAndOtherAdjustments": "None"}]}