{"symbol": "ACCO", "annualReports": [{"fiscalDateEnding": "2019-12-31", "reportedCurrency": "USD", "totalRevenue": "1955700000", "totalOperatingExpense": "437300000", "costOfRevenue": "1322200000", "grossProfit": "633500000", "ebit": "201200000", "netIncome": "106800000", "researchAndDevelopment": "None", "effectOfAccountingCharges": "None", "incomeBeforeTax": "163500000", "minorityInterest": "None", "sellingGeneralAdministrative": "389900000", "otherNonOperatingIncome": "5000000", "operatingIncome": "196200000", "otherOperatingExpense": "35400000", "interestExpense": "43200000", "taxProvision": "56700000", "interestIncome": "3200000", "netInterestIncome": "-40000000", "extraordinaryItems": "None", "nonRecurring": "12000000", "otherItems": "None", "incomeTaxExpense": "56700000", "totalOtherIncomeExpense": "-4700000", "discontinuedOperations": "None", "netIncomeFromContinuingOperations": "106800000", "netIncomeApplicableToCommonShares": "106800000", "preferredStockAndOtherAdjustments": "None"}, {"fiscalDateEnding": "2018-12-31", "reportedCurrency": "USD", "totalRevenue": "1941200000", "totalOperatingExpense": "440800000", "costOfRevenue": "1313400000", "grossProfit": "627800000", "ebit": "189800000", "netIncome": "106700000", "researchAndDevelopment": "23800000", "effectOfAccountingCharges": "None", "incomeBeforeTax": "157900000", "minorityInterest": "None", "sellingGeneralAdministrative": "392400000", "otherNonOperatingIncome": "2800000", "operatingIncome": "187000000", "otherOperatingExpense": "36700000", "interestExpense": "41200000", "taxProvision": "51200000", "interestIncome": "4400000", "netInterestIncome": "-36800000", "extraordinaryItems": "-3100000", "nonRecurring": "11700000", "otherItems": "None", "incomeTaxExpense": "51200000", "totalOtherIncomeExpense": "-4000000", "discontinuedOperations": "None", "netIncomeFromContinuingOperations": "106700000", "netIncomeApplicableToCommonShares": "106700000", "preferredStockAndOtherAdjustments": "None"}, {"fiscalDateEnding": "2017-12-31", "reportedCurrency": "USD", "totalRevenue": "1948800000", "totalOperatingExpense": "463400000", "costOfRevenue": "1292400000", "grossProfit": "656400000", "ebit": "199200000", "netIncome": "131700000", "researchAndDevelopment": "23500000", "effectOfAccountingCharges": "None", "incomeBeforeTax": "158100000", "minorityInterest": "None", "sellingGeneralAdministrative": "406100000", "otherNonOperatingIncome": "6200000", "operatingIncome": "193000000", "otherOperatingExpense": "35600000", "interestExpense": "41100000", "taxProvision": "26400000", "interestIncome": "5800000", "netInterestIncome": "-35300000", "extraordinaryItems": "25700000", "nonRecurring": "21700000", "otherItems": "None", "incomeTaxExpense": "26400000", "totalOtherIncomeExpense": "-21300000", "discontinuedOperations": "None", "netIncomeFromContinuingOperations": "131700000", "netIncomeApplicableToCommonShares": "131700000", "preferredStockAndOtherAdjustments": "None"}, {"fiscalDateEnding": "2016-12-31", "reportedCurrency": "USD", "totalRevenue": "1557100000", "totalOperatingExpense": "347800000", "costOfRevenue": "1042000000", "grossProfit": "515100000", "ebit": "174400000", "netIncome": "95500000", "researchAndDevelopment": "21000000", "effectOfAccountingCharges": "None", "incomeBeforeTax": "125100000", "minorityInterest": "None", "sellingGeneralAdministrative": "320800000", "otherNonOperatingIncome": "7100000", "operatingIncome": "167300000", "otherOperatingExpense": "21600000", "interestExpense": "49300000", "taxProvision": "29600000", "interestIncome": "6400000", "netInterestIncome": "-42900000", "extraordinaryItems": "None", "nonRecurring": "5400000", "otherItems": "None", "incomeTaxExpense": "29600000", "totalOtherIncomeExpense": "-4700000", "discontinuedOperations": "None", "netIncomeFromContinuingOperations": "95500000", "netIncomeApplicableToCommonShares": "95500000", "preferredStockAndOtherAdjustments": "None"}, {"fiscalDateEnding": "2015-12-31", "reportedCurrency": "USD", "totalRevenue": "1510400000", "totalOperatingExpense": "314900000", "costOfRevenue": "-1032000000", "grossProfit": "478400000", "ebit": "175900000", "netIncome": "85900000", "researchAndDevelopment": "20000000", "effectOfAccountingCharges": "None", "incomeBeforeTax": "131400000", "minorityInterest": "None", "sellingGeneralAdministrative": "295700000", "otherNonOperatingIncome": "12400000", "operatingIncome": "163500000", "otherOperatingExpense": "19600000", "interestExpense": "44500000", "taxProvision": "45500000", "interestIncome": "-29500000", "netInterestIncome": "None", "extraordinaryItems": "None", "nonRecurring": "-400000", "otherItems": "None", "incomeTaxExpense": "45500000", "totalOtherIncomeExpense": "-30000000", "discontinuedOperations": "None", "netIncomeFromContinuingOperations": "85900000", "netIncomeApplicableToCommonShares": "85900000", "preferredStockAndOtherAdjustments": "None"}], "quarterlyReports": [{"fiscalDateEnding": "2020-06-30", "reportedCurrency": "USD", "totalRevenue": "366900000", "totalOperatingExpense": "91500000", "costOfRevenue": "256900000", "grossProfit": "110000000", "ebit": "17600000", "netIncome": "5400000", "researchAndDevelopment": "None", "effectOfAccountingCharges": "None", "incomeBeforeTax": "9200000", "minorityInterest": "None", "sellingGeneralAdministrative": "77200000", "otherNonOperatingIncome": "-900000", "operatingIncome": "18500000", "otherOperatingExpense": "7800000", "interestExpense": "9900000", "taxProvision": "3800000", "interestIncome": "300000", "netInterestIncome": "-9600000", "extraordinaryItems": "None", "nonRecurring": "6500000", "otherItems": "None", "incomeTaxExpense": "3800000", "totalOtherIncomeExpense": "-6200000", "discontinuedOperations": "None", "netIncomeFromContinuingOperations": "5400000", "netIncomeApplicableToCommonShares": "5400000", "preferredStockAndOtherAdjustments": "None"}, {"fiscalDateEnding": "2020-03-31", "reportedCurrency": "USD", "totalRevenue": "384100000", "totalOperatingExpense": "94800000", "costOfRevenue": "271900000", "grossProfit": "112200000", "ebit": "18200000", "netIncome": "8000000", "researchAndDevelopment": "None", "effectOfAccountingCharges": "None", "incomeBeforeTax": "11100000", "minorityInterest": "None", "sellingGeneralAdministrative": "86100000", "otherNonOperatingIncome": "800000", "operatingIncome": "17400000", "otherOperatingExpense": "8400000", "interestExpense": "8600000", "taxProvision": "3100000", "interestIncome": "300000", "netInterestIncome": "-8300000", "extraordinaryItems": "None", "nonRecurring": "300000", "otherItems": "None", "incomeTaxExpense": "3100000", "totalOtherIncomeExpense": "1700000", "discontinuedOperations": "None", "netIncomeFromContinuingOperations": "8000000", "netIncomeApplicableToCommonShares": "8000000", "preferredStockAndOtherAdjustments": "None"}, {"fiscalDateEnding": "2019-12-31", "reportedCurrency": "USD", "totalRevenue": "537400000", "totalOperatingExpense": "117900000", "costOfRevenue": "351400000", "grossProfit": "186000000", "ebit": "70300000", "netIncome": "43500000", "researchAndDevelopment": "None", "effectOfAccountingCharges": "None", "incomeBeforeTax": "62100000", "minorityInterest": "None", "sellingGeneralAdministrative": "102100000", "otherNonOperatingIncome": "2200000", "operatingIncome": "68100000", "otherOperatingExpense": "8600000", "interestExpense": "9600000", "taxProvision": "18600000", "interestIncome": "300000", "netInterestIncome": "-9300000", "extraordinaryItems": "None", "nonRecurring": "7200000", "otherItems": "None", "incomeTaxExpense": "18600000", "totalOtherIncomeExpense": "-3900000", "discontinuedOperations": "None", "netIncomeFromContinuingOperations": "43500000", "netIncomeApplicableToCommonShares": "43500000", "preferredStockAndOtherAdjustments": "None"}, {"fiscalDateEnding": "2019-09-30", "reportedCurrency": "USD", "totalRevenue": "505700000", "totalOperatingExpense": "107100000", "costOfRevenue": "349800000", "grossProfit": "155900000", "ebit": "50400000", "netIncome": "28000000", "researchAndDevelopment": "None", "effectOfAccountingCharges": "None", "incomeBeforeTax": "40200000", "minorityInterest": "None", "sellingGeneralAdministrative": "96400000", "otherNonOperatingIncome": "1600000", "operatingIncome": "48800000", "otherOperatingExpense": "8600000", "interestExpense": "11500000", "taxProvision": "12200000", "interestIncome": "700000", "netInterestIncome": "-10800000", "extraordinaryItems": "None", "nonRecurring": "2100000", "otherItems": "None", "incomeTaxExpense": "12200000", "totalOtherIncomeExpense": "100000", "discontinuedOperations": "None", "netIncomeFromContinuingOperations": "28000000", "netIncomeApplicableToCommonShares": "28000000", "preferredStockAndOtherAdjustments": "None"}, {"fiscalDateEnding": "2019-06-30", "reportedCurrency": "USD", "totalRevenue": "518700000", "totalOperatingExpense": "104400000", "costOfRevenue": "352900000", "grossProfit": "165800000", "ebit": "61500000", "netIncome": "35900000", "researchAndDevelopment": "None", "effectOfAccountingCharges": "None", "incomeBeforeTax": "51200000", "minorityInterest": "None", "sellingGeneralAdministrative": "95500000", "otherNonOperatingIncome": "100000", "operatingIncome": "61400000", "otherOperatingExpense": "8900000", "interestExpense": "11700000", "taxProvision": "15300000", "interestIncome": "1300000", "netInterestIncome": "-10400000", "extraordinaryItems": "None", "nonRecurring": "None", "otherItems": "None", "incomeTaxExpense": "15300000", "totalOtherIncomeExpense": "200000", "discontinuedOperations": "None", "netIncomeFromContinuingOperations": "35900000", "netIncomeApplicableToCommonShares": "35900000", "preferredStockAndOtherAdjustments": "None"}, {"fiscalDateEnding": "2019-03-31", "reportedCurrency": "USD", "totalRevenue": "393900000", "totalOperatingExpense": "107900000", "costOfRevenue": "268100000", "grossProfit": "125800000", "ebit": "19000000", "netIncome": "-600000", "researchAndDevelopment": "None", "effectOfAccountingCharges": "None", "incomeBeforeTax": "10000000", "minorityInterest": "None", "sellingGeneralAdministrative": "95900000", "otherNonOperatingIncome": "1100000", "operatingIncome": "17900000", "otherOperatingExpense": "9300000", "interestExpense": "10400000", "taxProvision": "10600000", "interestIncome": "900000", "netInterestIncome": "-9500000", "extraordinaryItems": "None", "nonRecurring": "2700000", "otherItems": "None", "incomeTaxExpense": "10600000", "totalOtherIncomeExpense": "-1100000", "discontinuedOperations": "None", "netIncomeFromContinuingOperations": "-600000", "netIncomeApplicableToCommonShares": "-600000", "preferredStockAndOtherAdjustments": "None"}, {"fiscalDateEnding": "2018-12-31", "reportedCurrency": "USD", "totalRevenue": "529300000", "totalOperatingExpense": "111100000", "costOfRevenue": "352200000", "grossProfit": "177100000", "ebit": "66900000", "netIncome": "35000000", "researchAndDevelopment": "23800000", "effectOfAccountingCharges": "0", "incomeBeforeTax": "58800000", "minorityInterest": "0", "sellingGeneralAdministrative": "97800000", "otherNonOperatingIncome": "900000", "operatingIncome": "66000000", "otherOperatingExpense": "9500000", "interestExpense": "10300000", "taxProvision": "None", "interestIncome": "None", "netInterestIncome": "None", "extraordinaryItems": "-3100000", "nonRecurring": "3800000", "otherItems": "0", "incomeTaxExpense": "23800000", "totalOtherIncomeExpense": "-13500000", "discontinuedOperations": "0", "netIncomeFromContinuingOperations": "35000000", "netIncomeApplicableToCommonShares": "35000000", "preferredStockAndOtherAdjustments": "None"}, {"fiscalDateEnding": "2018-09-30", "reportedCurrency": "USD", "totalRevenue": "507300000", "totalOperatingExpense": "103300000", "costOfRevenue": "346500000", "grossProfit": "160800000", "ebit": "58000000", "netIncome": "35600000", "researchAndDevelopment": "0", "effectOfAccountingCharges": "0", "incomeBeforeTax": "49000000", "minorityInterest": "0", "sellingGeneralAdministrative": "92800000", "otherNonOperatingIncome": "500000", "operatingIncome": "57500000", "otherOperatingExpense": "9400000", "interestExpense": "11600000", "taxProvision": "None", "interestIncome": "None", "netInterestIncome": "None", "extraordinaryItems": "0", "nonRecurring": "1100000", "otherItems": "0", "incomeTaxExpense": "13400000", "totalOtherIncomeExpense": "-13100000", "discontinuedOperations": "0", "netIncomeFromContinuingOperations": "35600000", "netIncomeApplicableToCommonShares": "35600000", "preferredStockAndOtherAdjustments": "None"}, {"fiscalDateEnding": "2018-06-30", "reportedCurrency": "USD", "totalRevenue": "498800000", "totalOperatingExpense": "110600000", "costOfRevenue": "336400000", "grossProfit": "162400000", "ebit": "51600000", "netIncome": "25700000", "researchAndDevelopment": "0", "effectOfAccountingCharges": "0", "incomeBeforeTax": "44000000", "minorityInterest": "0", "sellingGeneralAdministrative": "100000000", "otherNonOperatingIncome": "-200000", "operatingIncome": "51800000", "otherOperatingExpense": "8500000", "interestExpense": "9900000", "taxProvision": "None", "interestIncome": "None", "netInterestIncome": "None", "extraordinaryItems": "0", "nonRecurring": "2100000", "otherItems": "0", "incomeTaxExpense": "18300000", "totalOtherIncomeExpense": "-14100000", "discontinuedOperations": "0", "netIncomeFromContinuingOperations": "25700000", "netIncomeApplicableToCommonShares": "25700000", "preferredStockAndOtherAdjustments": "None"}, {"fiscalDateEnding": "2018-03-31", "reportedCurrency": "USD", "totalRevenue": "405800000", "totalOperatingExpense": "115800000", "costOfRevenue": "278300000", "grossProfit": "127500000", "ebit": "13300000", "netIncome": "10400000", "researchAndDevelopment": "0", "effectOfAccountingCharges": "0", "incomeBeforeTax": "6100000", "minorityInterest": "0", "sellingGeneralAdministrative": "101800000", "otherNonOperatingIncome": "1600000", "operatingIncome": "11700000", "otherOperatingExpense": "9300000", "interestExpense": "9400000", "taxProvision": "None", "interestIncome": "None", "netInterestIncome": "None", "extraordinaryItems": "0", "nonRecurring": "4700000", "otherItems": "0", "incomeTaxExpense": "-4300000", "totalOtherIncomeExpense": "-14100000", "discontinuedOperations": "0", "netIncomeFromContinuingOperations": "10400000", "netIncomeApplicableToCommonShares": "10400000", "preferredStockAndOtherAdjustments": "None"}, {"fiscalDateEnding": "2017-12-31", "reportedCurrency": "USD", "totalRevenue": "566800000", "totalOperatingExpense": "119600000", "costOfRevenue": "367600000", "grossProfit": "199200000", "ebit": "79900000", "netIncome": "74000000", "researchAndDevelopment": "23500000", "effectOfAccountingCharges": "0", "incomeBeforeTax": "70100000", "minorityInterest": "0", "sellingGeneralAdministrative": "104800000", "otherNonOperatingIncome": "300000", "operatingIncome": "79600000", "otherOperatingExpense": "9200000", "interestExpense": "9800000", "taxProvision": "None", "interestIncome": "None", "netInterestIncome": "None", "extraordinaryItems": "0", "nonRecurring": "5600000", "otherItems": "0", "incomeTaxExpense": "-3900000", "totalOtherIncomeExpense": "-73000000", "discontinuedOperations": "0", "netIncomeFromContinuingOperations": "74000000", "netIncomeApplicableToCommonShares": "74000000", "preferredStockAndOtherAdjustments": "None"}, {"fiscalDateEnding": "2017-09-30", "reportedCurrency": "USD", "totalRevenue": "532200000", "totalOperatingExpense": "119200000", "costOfRevenue": "354300000", "grossProfit": "177900000", "ebit": "60500000", "netIncome": "30600000", "researchAndDevelopment": "0", "effectOfAccountingCharges": "0", "incomeBeforeTax": "49800000", "minorityInterest": "0", "sellingGeneralAdministrative": "107500000", "otherNonOperatingIncome": "1800000", "operatingIncome": "58700000", "otherOperatingExpense": "9400000", "interestExpense": "10700000", "taxProvision": "None", "interestIncome": "None", "netInterestIncome": "None", "extraordinaryItems": "0", "nonRecurring": "2300000", "otherItems": "0", "incomeTaxExpense": "19200000", "totalOtherIncomeExpense": "0", "discontinuedOperations": "0", "netIncomeFromContinuingOperations": "30600000", "netIncomeApplicableToCommonShares": "30600000", "preferredStockAndOtherAdjustments": "None"}, {"fiscalDateEnding": "2017-06-30", "reportedCurrency": "USD", "totalRevenue": "490000000", "totalOperatingExpense": "123100000", "costOfRevenue": "321500000", "grossProfit": "168500000", "ebit": "48900000", "netIncome": "23500000", "researchAndDevelopment": "0", "effectOfAccountingCharges": "0", "incomeBeforeTax": "38100000", "minorityInterest": "0", "sellingGeneralAdministrative": "101800000", "otherNonOperatingIncome": "3500000", "operatingIncome": "45400000", "otherOperatingExpense": "9000000", "interestExpense": "10800000", "taxProvision": "None", "interestIncome": "None", "netInterestIncome": "None", "extraordinaryItems": "0", "nonRecurring": "12300000", "otherItems": "0", "incomeTaxExpense": "14600000", "totalOtherIncomeExpense": "0", "discontinuedOperations": "0", "netIncomeFromContinuingOperations": "23500000", "netIncomeApplicableToCommonShares": "23500000", "preferredStockAndOtherAdjustments": "None"}, {"fiscalDateEnding": "2017-03-31", "reportedCurrency": "USD", "totalRevenue": "359800000", "totalOperatingExpense": "101500000", "costOfRevenue": "249000000", "grossProfit": "110800000", "ebit": "9900000", "netIncome": "3600000", "researchAndDevelopment": "0", "effectOfAccountingCharges": "0", "incomeBeforeTax": "100000", "minorityInterest": "0", "sellingGeneralAdministrative": "92000000", "otherNonOperatingIncome": "600000", "operatingIncome": "9300000", "otherOperatingExpense": "8000000", "interestExpense": "9800000", "taxProvision": "None", "interestIncome": "None", "netInterestIncome": "None", "extraordinaryItems": "0", "nonRecurring": "1500000", "otherItems": "0", "incomeTaxExpense": "-3500000", "totalOtherIncomeExpense": "0", "discontinuedOperations": "0", "netIncomeFromContinuingOperations": "3600000", "netIncomeApplicableToCommonShares": "3600000", "preferredStockAndOtherAdjustments": "None"}, {"fiscalDateEnding": "2016-12-31", "reportedCurrency": "USD", "totalRevenue": "437600000", "totalOperatingExpense": "94000000", "costOfRevenue": "1800100000", "grossProfit": "153700000", "ebit": "30900000", "netIncome": "6100000", "researchAndDevelopment": "21000000", "effectOfAccountingCharges": "0", "incomeBeforeTax": "18100000", "minorityInterest": "0", "sellingGeneralAdministrative": "87700000", "otherNonOperatingIncome": "-28800000", "operatingIncome": "59700000", "otherOperatingExpense": "5700000", "interestExpense": "12800000", "taxProvision": "None", "interestIncome": "None", "netInterestIncome": "None", "extraordinaryItems": "0", "nonRecurring": "600000", "otherItems": "0", "incomeTaxExpense": "12000000", "totalOtherIncomeExpense": "-60400000", "discontinuedOperations": "0", "netIncomeFromContinuingOperations": "6100000", "netIncomeApplicableToCommonShares": "6100000", "preferredStockAndOtherAdjustments": "None"}, {"fiscalDateEnding": "2016-09-30", "reportedCurrency": "USD", "totalRevenue": "431300000", "totalOperatingExpense": "88500000", "costOfRevenue": "-287100000", "grossProfit": "144200000", "ebit": "50700000", "netIncome": "22700000", "researchAndDevelopment": "0", "effectOfAccountingCharges": "0", "incomeBeforeTax": "37700000", "minorityInterest": "0", "sellingGeneralAdministrative": "82300000", "otherNonOperatingIncome": "-5000000", "operatingIncome": "55700000", "otherOperatingExpense": "5800000", "interestExpense": "13000000", "taxProvision": "None", "interestIncome": "None", "netInterestIncome": "None", "extraordinaryItems": "0", "nonRecurring": "400000", "otherItems": "0", "incomeTaxExpense": "15000000", "totalOtherIncomeExpense": "0", "discontinuedOperations": "0", "netIncomeFromContinuingOperations": "22700000", "netIncomeApplicableToCommonShares": "22700000", "preferredStockAndOtherAdjustments": "None"}, {"fiscalDateEnding": "2016-06-30", "reportedCurrency": "USD", "totalRevenue": "410100000", "totalOperatingExpense": "89400000", "costOfRevenue": "-275300000", "grossProfit": "134800000", "ebit": "84700000", "netIncome": "61900000", "researchAndDevelopment": "0", "effectOfAccountingCharges": "0", "incomeBeforeTax": "71900000", "minorityInterest": "0", "sellingGeneralAdministrative": "79600000", "otherNonOperatingIncome": "39300000", "operatingIncome": "45400000", "otherOperatingExpense": "5400000", "interestExpense": "12800000", "taxProvision": "None", "interestIncome": "None", "netInterestIncome": "None", "extraordinaryItems": "0", "nonRecurring": "4400000", "otherItems": "0", "incomeTaxExpense": "10000000", "totalOtherIncomeExpense": "0", "discontinuedOperations": "0", "netIncomeFromContinuingOperations": "61900000", "netIncomeApplicableToCommonShares": "61900000", "preferredStockAndOtherAdjustments": "None"}, {"fiscalDateEnding": "2016-03-31", "reportedCurrency": "USD", "totalRevenue": "278100000", "totalOperatingExpense": "75900000", "costOfRevenue": "-195700000", "grossProfit": "82400000", "ebit": "8100000", "netIncome": "4800000", "researchAndDevelopment": "0", "effectOfAccountingCharges": "0", "incomeBeforeTax": "-2600000", "minorityInterest": "0", "sellingGeneralAdministrative": "70600000", "otherNonOperatingIncome": "1600000", "operatingIncome": "7100000", "otherOperatingExpense": "4700000", "interestExpense": "10700000", "taxProvision": "None", "interestIncome": "None", "netInterestIncome": "None", "extraordinaryItems": "0", "nonRecurring": "0", "otherItems": "0", "incomeTaxExpense": "-7400000", "totalOtherIncomeExpense": "0", "discontinuedOperations": "0", "netIncomeFromContinuingOperations": "4800000", "netIncomeApplicableToCommonShares": "4800000", "preferredStockAndOtherAdjustments": "None"}, {"fiscalDateEnding": "2015-12-31", "reportedCurrency": "USD", "totalRevenue": "412100000", "totalOperatingExpense": "391100000", "costOfRevenue": "-274300000", "grossProfit": "137800000", "ebit": "61100000", "netIncome": "31400000", "researchAndDevelopment": "20000000", "effectOfAccountingCharges": "0", "incomeBeforeTax": "50100000", "minorityInterest": "0", "sellingGeneralAdministrative": "366900000", "otherNonOperatingIncome": "4200000", "operatingIncome": "56900000", "otherOperatingExpense": "24900000", "interestExpense": "11000000", "taxProvision": "None", "interestIncome": "None", "netInterestIncome": "None", "extraordinaryItems": "0", "nonRecurring": "-700000", "otherItems": "0", "incomeTaxExpense": "41700000", "totalOtherIncomeExpense": "-30000000", "discontinuedOperations": "0", "netIncomeFromContinuingOperations": "8400000", "netIncomeApplicableToCommonShares": "31400000", "preferredStockAndOtherAdjustments": "None"}, {"fiscalDateEnding": "2015-09-30", "reportedCurrency": "USD", "totalRevenue": "413600000", "totalOperatingExpense": "78900000", "costOfRevenue": "-279900000", "grossProfit": "133700000", "ebit": "58900000", "netIncome": "32600000", "researchAndDevelopment": "0", "effectOfAccountingCharges": "0", "incomeBeforeTax": "47900000", "minorityInterest": "0", "sellingGeneralAdministrative": "74100000", "otherNonOperatingIncome": "4100000", "operatingIncome": "54800000", "otherOperatingExpense": "4800000", "interestExpense": "11000000", "taxProvision": "None", "interestIncome": "None", "netInterestIncome": "None", "extraordinaryItems": "0", "nonRecurring": "0", "otherItems": "0", "incomeTaxExpense": "15300000", "totalOtherIncomeExpense": "0", "discontinuedOperations": "0", "netIncomeFromContinuingOperations": "32600000", "netIncomeApplicableToCommonShares": "32600000", "preferredStockAndOtherAdjustments": "None"}, {"fiscalDateEnding": "2015-06-30", "reportedCurrency": "USD", "totalRevenue": "394700000", "totalOperatingExpense": "-77500000", "costOfRevenue": "-268000000", "grossProfit": "126700000", "ebit": "50400000", "netIncome": "27700000", "researchAndDevelopment": "0", "effectOfAccountingCharges": "0", "incomeBeforeTax": "39100000", "minorityInterest": "0", "sellingGeneralAdministrative": "-72400000", "otherNonOperatingIncome": "1200000", "operatingIncome": "49200000", "otherOperatingExpense": "-4900000", "interestExpense": "11300000", "taxProvision": "None", "interestIncome": "None", "netInterestIncome": "None", "extraordinaryItems": "0", "nonRecurring": "-200000", "otherItems": "0", "incomeTaxExpense": "-11400000", "totalOtherIncomeExpense": "0", "discontinuedOperations": "0", "netIncomeFromContinuingOperations": "50500000", "netIncomeApplicableToCommonShares": "27700000", "preferredStockAndOtherAdjustments": "None"}]}