{"symbol": "ACGL", "annualReports": [{"fiscalDateEnding": "2019-12-31", "reportedCurrency": "USD", "totalRevenue": "6928200000", "totalOperatingExpense": "5079090000", "costOfRevenue": "None", "grossProfit": "6928200000", "ebit": "1849110000", "netIncome": "1636319000", "researchAndDevelopment": "None", "effectOfAccountingCharges": "None", "incomeBeforeTax": "1849110000", "minorityInterest": "56981000", "sellingGeneralAdministrative": "80111000", "otherNonOperatingIncome": "None", "operatingIncome": "1849110000", "otherOperatingExpense": "5079090000", "interestExpense": "120872000", "taxProvision": "155810000", "interestIncome": "-17809000", "netInterestIncome": "-120872000", "extraordinaryItems": "None", "nonRecurring": "None", "otherItems": "None", "incomeTaxExpense": "155810000", "totalOtherIncomeExpense": "27094000", "discontinuedOperations": "None", "netIncomeFromContinuingOperations": "1693300000", "netIncomeApplicableToCommonShares": "1594707000", "preferredStockAndOtherAdjustments": "41612000"}, {"fiscalDateEnding": "2018-12-31", "reportedCurrency": "USD", "totalRevenue": "5450568000", "totalOperatingExpense": "4608796000", "costOfRevenue": "3695241000", "grossProfit": "5450568000", "ebit": "841772000", "netIncome": "757971000", "researchAndDevelopment": "0", "effectOfAccountingCharges": "None", "incomeBeforeTax": "841772000", "minorityInterest": "-30150000", "sellingGeneralAdministrative": "78994000", "otherNonOperatingIncome": "None", "operatingIncome": "841772000", "otherOperatingExpense": "4608796000", "interestExpense": "120484000", "taxProvision": "113951000", "interestIncome": "-5441000", "netInterestIncome": "-120484000", "extraordinaryItems": "None", "nonRecurring": "None", "otherItems": "None", "incomeTaxExpense": "113951000", "totalOtherIncomeExpense": "17492000", "discontinuedOperations": "None", "netIncomeFromContinuingOperations": "727821000", "netIncomeApplicableToCommonShares": "713616000", "preferredStockAndOtherAdjustments": "44355000"}, {"fiscalDateEnding": "2017-12-31", "reportedCurrency": "USD", "totalRevenue": "5627375000", "totalOperatingExpense": "4870098000", "costOfRevenue": "3742904000", "grossProfit": "5627375000", "ebit": "757277000", "netIncome": "619278000", "researchAndDevelopment": "0", "effectOfAccountingCharges": "None", "incomeBeforeTax": "757277000", "minorityInterest": "10431000", "sellingGeneralAdministrative": "83752000", "otherNonOperatingIncome": "None", "operatingIncome": "757277000", "otherOperatingExpense": "4870098000", "interestExpense": "117431000", "taxProvision": "127568000", "interestIncome": "-90927000", "netInterestIncome": "-117431000", "extraordinaryItems": "-21500000", "nonRecurring": "None", "otherItems": "None", "incomeTaxExpense": "127568000", "totalOtherIncomeExpense": "27682000", "discontinuedOperations": "None", "netIncomeFromContinuingOperations": "629709000", "netIncomeApplicableToCommonShares": "566502000", "preferredStockAndOtherAdjustments": "52776000"}, {"fiscalDateEnding": "2016-12-31", "reportedCurrency": "USD", "totalRevenue": "4463556000", "totalOperatingExpense": "3608004000", "costOfRevenue": "2853224000", "grossProfit": "4463556000", "ebit": "855552000", "netIncome": "692738000", "researchAndDevelopment": "0", "effectOfAccountingCharges": "None", "incomeBeforeTax": "855552000", "minorityInterest": "131440000", "sellingGeneralAdministrative": "81746000", "otherNonOperatingIncome": "None", "operatingIncome": "855552000", "otherOperatingExpense": "3608004000", "interestExpense": "66252000", "taxProvision": "31374000", "interestIncome": "18874000", "netInterestIncome": "-66252000", "extraordinaryItems": "None", "nonRecurring": "None", "otherItems": "None", "incomeTaxExpense": "31374000", "totalOtherIncomeExpense": "56373000", "discontinuedOperations": "None", "netIncomeFromContinuingOperations": "824178000", "netIncomeApplicableToCommonShares": "664668000", "preferredStockAndOtherAdjustments": "28070000"}, {"fiscalDateEnding": "2015-12-31", "reportedCurrency": "USD", "totalRevenue": "3936590000", "totalOperatingExpense": "3369396000", "costOfRevenue": "2713681000", "grossProfit": "3936590000", "ebit": "567194000", "netIncome": "537738000", "researchAndDevelopment": "0", "effectOfAccountingCharges": "None", "incomeBeforeTax": "567194000", "minorityInterest": "-11156000", "sellingGeneralAdministrative": "49745000", "otherNonOperatingIncome": "None", "operatingIncome": "567194000", "otherOperatingExpense": "3369396000", "interestExpense": "-45874000", "taxProvision": "40612000", "interestIncome": "45699000", "netInterestIncome": "None", "extraordinaryItems": "None", "nonRecurring": "None", "otherItems": "None", "incomeTaxExpense": "40612000", "totalOtherIncomeExpense": "20244000", "discontinuedOperations": "None", "netIncomeFromContinuingOperations": "526582000", "netIncomeApplicableToCommonShares": "515800000", "preferredStockAndOtherAdjustments": "21938000"}], "quarterlyReports": [{"fiscalDateEnding": "2020-06-30", "reportedCurrency": "USD", "totalRevenue": "2291835000", "totalOperatingExpense": "1799319000", "costOfRevenue": "None", "grossProfit": "2291835000", "ebit": "492516000", "netIncome": "298821000", "researchAndDevelopment": "None", "effectOfAccountingCharges": "None", "incomeBeforeTax": "492516000", "minorityInterest": "167568000", "sellingGeneralAdministrative": "17920000", "otherNonOperatingIncome": "None", "operatingIncome": "492516000", "otherOperatingExpense": "1799319000", "interestExpense": "31139000", "taxProvision": "26127000", "interestIncome": "None", "netInterestIncome": "-31139000", "extraordinaryItems": "None", "nonRecurring": "None", "otherItems": "None", "incomeTaxExpense": "26127000", "totalOtherIncomeExpense": "3527000", "discontinuedOperations": "None", "netIncomeFromContinuingOperations": "466389000", "netIncomeApplicableToCommonShares": "288418000", "preferredStockAndOtherAdjustments": "10403000"}, {"fiscalDateEnding": "2020-03-31", "reportedCurrency": "USD", "totalRevenue": "1533828000", "totalOperatingExpense": "1594557000", "costOfRevenue": "None", "grossProfit": "1533828000", "ebit": "-60729000", "netIncome": "144117000", "researchAndDevelopment": "None", "effectOfAccountingCharges": "None", "incomeBeforeTax": "-60729000", "minorityInterest": "-232791000", "sellingGeneralAdministrative": "20796000", "otherNonOperatingIncome": "None", "operatingIncome": "-60729000", "otherOperatingExpense": "1594557000", "interestExpense": "32555000", "taxProvision": "27945000", "interestIncome": "35907000", "netInterestIncome": "-32555000", "extraordinaryItems": "None", "nonRecurring": "None", "otherItems": "None", "incomeTaxExpense": "27945000", "totalOtherIncomeExpense": "15400000", "discontinuedOperations": "None", "netIncomeFromContinuingOperations": "-88674000", "netIncomeApplicableToCommonShares": "133714000", "preferredStockAndOtherAdjustments": "10403000"}, {"fiscalDateEnding": "2019-12-31", "reportedCurrency": "USD", "totalRevenue": "1743554000", "totalOperatingExpense": "1403450000", "costOfRevenue": "None", "grossProfit": "1743554000", "ebit": "340104000", "netIncome": "326384000", "researchAndDevelopment": "None", "effectOfAccountingCharges": "None", "incomeBeforeTax": "340104000", "minorityInterest": "-13616000", "sellingGeneralAdministrative": "26837000", "otherNonOperatingIncome": "None", "operatingIncome": "340104000", "otherOperatingExpense": "1403450000", "interestExpense": "31199000", "taxProvision": "27336000", "interestIncome": "-56366000", "netInterestIncome": "-31199000", "extraordinaryItems": "None", "nonRecurring": "None", "otherItems": "None", "incomeTaxExpense": "27336000", "totalOtherIncomeExpense": "5440000", "discontinuedOperations": "None", "netIncomeFromContinuingOperations": "312768000", "netIncomeApplicableToCommonShares": "315981000", "preferredStockAndOtherAdjustments": "10403000"}, {"fiscalDateEnding": "2019-09-30", "reportedCurrency": "USD", "totalRevenue": "1682660000", "totalOperatingExpense": "1245355000", "costOfRevenue": "None", "grossProfit": "1682660000", "ebit": "437305000", "netIncome": "392453000", "researchAndDevelopment": "None", "effectOfAccountingCharges": "None", "incomeBeforeTax": "437305000", "minorityInterest": "6736000", "sellingGeneralAdministrative": "17061000", "otherNonOperatingIncome": "None", "operatingIncome": "437305000", "otherOperatingExpense": "1245355000", "interestExpense": "31328000", "taxProvision": "38116000", "interestIncome": "18926000", "netInterestIncome": "-31328000", "extraordinaryItems": "None", "nonRecurring": "None", "otherItems": "None", "incomeTaxExpense": "38116000", "totalOtherIncomeExpense": "4664000", "discontinuedOperations": "None", "netIncomeFromContinuingOperations": "399189000", "netIncomeApplicableToCommonShares": "382050000", "preferredStockAndOtherAdjustments": "10403000"}, {"fiscalDateEnding": "2019-06-30", "reportedCurrency": "USD", "totalRevenue": "1779140000", "totalOperatingExpense": "1248823000", "costOfRevenue": "977632000", "grossProfit": "1779140000", "ebit": "530317000", "netIncome": "468954000", "researchAndDevelopment": "None", "effectOfAccountingCharges": "None", "incomeBeforeTax": "530317000", "minorityInterest": "16891000", "sellingGeneralAdministrative": "18251000", "otherNonOperatingIncome": "None", "operatingIncome": "530317000", "otherOperatingExpense": "1248823000", "interestExpense": "29280000", "taxProvision": "44472000", "interestIncome": "-1696000", "netInterestIncome": "-29280000", "extraordinaryItems": "None", "nonRecurring": "None", "otherItems": "None", "incomeTaxExpense": "44472000", "totalOtherIncomeExpense": "7082000", "discontinuedOperations": "None", "netIncomeFromContinuingOperations": "485845000", "netIncomeApplicableToCommonShares": "458551000", "preferredStockAndOtherAdjustments": "10403000"}, {"fiscalDateEnding": "2019-03-31", "reportedCurrency": "USD", "totalRevenue": "1722846000", "totalOperatingExpense": "1181462000", "costOfRevenue": "916380000", "grossProfit": "1722846000", "ebit": "541384000", "netIncome": "448528000", "researchAndDevelopment": "None", "effectOfAccountingCharges": "None", "incomeBeforeTax": "541384000", "minorityInterest": "46970000", "sellingGeneralAdministrative": "17962000", "otherNonOperatingIncome": "None", "operatingIncome": "541384000", "otherOperatingExpense": "1181462000", "interestExpense": "29065000", "taxProvision": "45886000", "interestIncome": "21327000", "netInterestIncome": "-29065000", "extraordinaryItems": "None", "nonRecurring": "None", "otherItems": "None", "incomeTaxExpense": "45886000", "totalOtherIncomeExpense": "9908000", "discontinuedOperations": "None", "netIncomeFromContinuingOperations": "495498000", "netIncomeApplicableToCommonShares": "438125000", "preferredStockAndOtherAdjustments": "10403000"}, {"fiscalDateEnding": "2018-12-31", "reportedCurrency": "USD", "totalRevenue": "1352020000", "totalOperatingExpense": "1260684000", "costOfRevenue": "1036992000", "grossProfit": "1352020000", "ebit": "91336000", "netIncome": "136494000", "researchAndDevelopment": "0", "effectOfAccountingCharges": "0", "incomeBeforeTax": "91336000", "minorityInterest": "-80170000", "sellingGeneralAdministrative": "29364000", "otherNonOperatingIncome": "None", "operatingIncome": "91336000", "otherOperatingExpense": "1260684000", "interestExpense": "-29774000", "taxProvision": "None", "interestIncome": "None", "netInterestIncome": "None", "extraordinaryItems": "0", "nonRecurring": "0", "otherItems": "0", "incomeTaxExpense": "35012000", "totalOtherIncomeExpense": "-2666000", "discontinuedOperations": "0", "netIncomeFromContinuingOperations": "56324000", "netIncomeApplicableToCommonShares": "126091000", "preferredStockAndOtherAdjustments": "10403000"}, {"fiscalDateEnding": "2018-09-30", "reportedCurrency": "USD", "totalRevenue": "1403784000", "totalOperatingExpense": "1121662000", "costOfRevenue": "901022000", "grossProfit": "1403784000", "ebit": "282122000", "netIncome": "227408000", "researchAndDevelopment": "0", "effectOfAccountingCharges": "0", "incomeBeforeTax": "282122000", "minorityInterest": "21358000", "sellingGeneralAdministrative": "13244000", "otherNonOperatingIncome": "None", "operatingIncome": "282122000", "otherOperatingExpense": "1121662000", "interestExpense": "-29730000", "taxProvision": "None", "interestIncome": "None", "netInterestIncome": "None", "extraordinaryItems": "0", "nonRecurring": "0", "otherItems": "0", "incomeTaxExpense": "33356000", "totalOtherIncomeExpense": "-19983000", "discontinuedOperations": "0", "netIncomeFromContinuingOperations": "248766000", "netIncomeApplicableToCommonShares": "217006000", "preferredStockAndOtherAdjustments": "10402000"}, {"fiscalDateEnding": "2018-06-30", "reportedCurrency": "USD", "totalRevenue": "1410809000", "totalOperatingExpense": "1130794000", "costOfRevenue": "928991000", "grossProfit": "1410809000", "ebit": "280015000", "netIncome": "243646000", "researchAndDevelopment": "0", "effectOfAccountingCharges": "0", "incomeBeforeTax": "280015000", "minorityInterest": "12701000", "sellingGeneralAdministrative": "15604000", "otherNonOperatingIncome": "None", "operatingIncome": "280015000", "otherOperatingExpense": "1130794000", "interestExpense": "-30344000", "taxProvision": "None", "interestIncome": "None", "netInterestIncome": "None", "extraordinaryItems": "0", "nonRecurring": "0", "otherItems": "0", "incomeTaxExpense": "23668000", "totalOtherIncomeExpense": "16454000", "discontinuedOperations": "0", "netIncomeFromContinuingOperations": "256347000", "netIncomeApplicableToCommonShares": "233243000", "preferredStockAndOtherAdjustments": "10403000"}, {"fiscalDateEnding": "2018-03-31", "reportedCurrency": "USD", "totalRevenue": "1283955000", "totalOperatingExpense": "1095656000", "costOfRevenue": "828236000", "grossProfit": "1283955000", "ebit": "188299000", "netIncome": "150423000", "researchAndDevelopment": "0", "effectOfAccountingCharges": "0", "incomeBeforeTax": "188299000", "minorityInterest": "15961000", "sellingGeneralAdministrative": "14482000", "otherNonOperatingIncome": "None", "operatingIncome": "188299000", "otherOperatingExpense": "1095656000", "interestExpense": "-30636000", "taxProvision": "None", "interestIncome": "None", "netInterestIncome": "None", "extraordinaryItems": "0", "nonRecurring": "0", "otherItems": "0", "incomeTaxExpense": "21915000", "totalOtherIncomeExpense": "-51187000", "discontinuedOperations": "0", "netIncomeFromContinuingOperations": "166384000", "netIncomeApplicableToCommonShares": "137276000", "preferredStockAndOtherAdjustments": "13147000"}, {"fiscalDateEnding": "2017-12-31", "reportedCurrency": "USD", "totalRevenue": "1392454000", "totalOperatingExpense": "5365285000", "costOfRevenue": "1057378000", "grossProfit": "1884471000", "ebit": "1266502000", "netIncome": "214640000", "researchAndDevelopment": "0", "effectOfAccountingCharges": "0", "incomeBeforeTax": "258605000", "minorityInterest": "1280804000", "sellingGeneralAdministrative": "44921000", "otherNonOperatingIncome": "None", "operatingIncome": "290155000", "otherOperatingExpense": "648273000", "interestExpense": "30496000", "taxProvision": "None", "interestIncome": "None", "netInterestIncome": "None", "extraordinaryItems": "0", "nonRecurring": "0", "otherItems": "0", "incomeTaxExpense": "56813000", "totalOtherIncomeExpense": "-255363000", "discontinuedOperations": "0", "netIncomeFromContinuingOperations": "799089000", "netIncomeApplicableToCommonShares": "203535000", "preferredStockAndOtherAdjustments": "None"}, {"fiscalDateEnding": "2017-09-30", "reportedCurrency": "USD", "totalRevenue": "1479554000", "totalOperatingExpense": "1516582000", "costOfRevenue": "1410122000", "grossProfit": "1479554000", "ebit": "-37028000", "netIncome": "-33656000", "researchAndDevelopment": "0", "effectOfAccountingCharges": "0", "incomeBeforeTax": "-37028000", "minorityInterest": "-11561000", "sellingGeneralAdministrative": "45932000", "otherNonOperatingIncome": "None", "operatingIncome": "-37028000", "otherOperatingExpense": "1516582000", "interestExpense": "29510000", "taxProvision": "None", "interestIncome": "None", "netInterestIncome": "None", "extraordinaryItems": "0", "nonRecurring": "0", "otherItems": "0", "incomeTaxExpense": "8189000", "totalOtherIncomeExpense": "0", "discontinuedOperations": "0", "netIncomeFromContinuingOperations": "-45217000", "netIncomeApplicableToCommonShares": "-52760000", "preferredStockAndOtherAdjustments": "19104000"}, {"fiscalDateEnding": "2017-06-30", "reportedCurrency": "USD", "totalRevenue": "1407537000", "totalOperatingExpense": "1174269000", "costOfRevenue": "1050277000", "grossProfit": "1407537000", "ebit": "233268000", "netIncome": "185167000", "researchAndDevelopment": "0", "effectOfAccountingCharges": "0", "incomeBeforeTax": "233268000", "minorityInterest": "13932000", "sellingGeneralAdministrative": "53025000", "otherNonOperatingIncome": "None", "operatingIncome": "233268000", "otherOperatingExpense": "1174269000", "interestExpense": "28749000", "taxProvision": "None", "interestIncome": "None", "netInterestIncome": "None", "extraordinaryItems": "0", "nonRecurring": "0", "otherItems": "0", "incomeTaxExpense": "34169000", "totalOtherIncomeExpense": "0", "discontinuedOperations": "0", "netIncomeFromContinuingOperations": "199099000", "netIncomeApplicableToCommonShares": "173818000", "preferredStockAndOtherAdjustments": "11349000"}, {"fiscalDateEnding": "2017-03-31", "reportedCurrency": "USD", "totalRevenue": "1319176000", "totalOperatingExpense": "1016744000", "costOfRevenue": "909578000", "grossProfit": "1319176000", "ebit": "302432000", "netIncome": "253127000", "researchAndDevelopment": "0", "effectOfAccountingCharges": "0", "incomeBeforeTax": "302432000", "minorityInterest": "20908000", "sellingGeneralAdministrative": "43502000", "otherNonOperatingIncome": "None", "operatingIncome": "302432000", "otherOperatingExpense": "1016744000", "interestExpense": "28676000", "taxProvision": "None", "interestIncome": "None", "netInterestIncome": "None", "extraordinaryItems": "0", "nonRecurring": "0", "otherItems": "0", "incomeTaxExpense": "28397000", "totalOtherIncomeExpense": "0", "discontinuedOperations": "0", "netIncomeFromContinuingOperations": "274035000", "netIncomeApplicableToCommonShares": "241909000", "preferredStockAndOtherAdjustments": "11218000"}, {"fiscalDateEnding": "2016-12-31", "reportedCurrency": "USD", "totalRevenue": "977802000", "totalOperatingExpense": "2691109000", "costOfRevenue": "883060000", "grossProfit": "1610332000", "ebit": "925204000", "netIncome": "74013000", "researchAndDevelopment": "0", "effectOfAccountingCharges": "0", "incomeBeforeTax": "83276000", "minorityInterest": "21561000", "sellingGeneralAdministrative": "6941000", "otherNonOperatingIncome": "None", "operatingIncome": "87801000", "otherOperatingExpense": "626038000", "interestExpense": "18539000", "taxProvision": "None", "interestIncome": "None", "netInterestIncome": "None", "extraordinaryItems": "0", "nonRecurring": "0", "otherItems": "0", "incomeTaxExpense": "18143000", "totalOtherIncomeExpense": "-61951000", "discontinuedOperations": "0", "netIncomeFromContinuingOperations": "843645000", "netIncomeApplicableToCommonShares": "62396000", "preferredStockAndOtherAdjustments": "None"}, {"fiscalDateEnding": "2016-09-30", "reportedCurrency": "USD", "totalRevenue": "1197501000", "totalOperatingExpense": "880650000", "costOfRevenue": "838736000", "grossProfit": "1197501000", "ebit": "316851000", "netIncome": "252872000", "researchAndDevelopment": "0", "effectOfAccountingCharges": "0", "incomeBeforeTax": "316851000", "minorityInterest": "50748000", "sellingGeneralAdministrative": "16208000", "otherNonOperatingIncome": "None", "operatingIncome": "316851000", "otherOperatingExpense": "880650000", "interestExpense": "15943000", "taxProvision": "None", "interestIncome": "None", "netInterestIncome": "None", "extraordinaryItems": "0", "nonRecurring": "0", "otherItems": "0", "incomeTaxExpense": "13231000", "totalOtherIncomeExpense": "0", "discontinuedOperations": "0", "netIncomeFromContinuingOperations": "303620000", "netIncomeApplicableToCommonShares": "247388000", "preferredStockAndOtherAdjustments": "5484000"}, {"fiscalDateEnding": "2016-06-30", "reportedCurrency": "USD", "totalRevenue": "1191152000", "totalOperatingExpense": "927664000", "costOfRevenue": "914583000", "grossProfit": "1191152000", "ebit": "263488000", "netIncome": "211055000", "researchAndDevelopment": "0", "effectOfAccountingCharges": "0", "incomeBeforeTax": "263488000", "minorityInterest": "38302000", "sellingGeneralAdministrative": "22080000", "otherNonOperatingIncome": "None", "operatingIncome": "263488000", "otherOperatingExpense": "927664000", "interestExpense": "15663000", "taxProvision": "None", "interestIncome": "None", "netInterestIncome": "None", "extraordinaryItems": "0", "nonRecurring": "0", "otherItems": "0", "incomeTaxExpense": "14131000", "totalOtherIncomeExpense": "0", "discontinuedOperations": "0", "netIncomeFromContinuingOperations": "249357000", "netIncomeApplicableToCommonShares": "205570000", "preferredStockAndOtherAdjustments": "5485000"}, {"fiscalDateEnding": "2016-03-31", "reportedCurrency": "USD", "totalRevenue": "1086676000", "totalOperatingExpense": "894739000", "costOfRevenue": "840935000", "grossProfit": "1086676000", "ebit": "191937000", "netIncome": "154798000", "researchAndDevelopment": "0", "effectOfAccountingCharges": "0", "incomeBeforeTax": "191937000", "minorityInterest": "20829000", "sellingGeneralAdministrative": "14131000", "otherNonOperatingIncome": "None", "operatingIncome": "191937000", "otherOperatingExpense": "894739000", "interestExpense": "16107000", "taxProvision": "None", "interestIncome": "None", "netInterestIncome": "None", "extraordinaryItems": "0", "nonRecurring": "0", "otherItems": "0", "incomeTaxExpense": "16310000", "totalOtherIncomeExpense": "0", "discontinuedOperations": "0", "netIncomeFromContinuingOperations": "175627000", "netIncomeApplicableToCommonShares": "149314000", "preferredStockAndOtherAdjustments": "5484000"}, {"fiscalDateEnding": "2015-12-31", "reportedCurrency": "USD", "totalRevenue": "911683000", "totalOperatingExpense": "3389640000", "costOfRevenue": "838998000", "grossProfit": "1222909000", "ebit": "546950000", "netIncome": "58579000", "researchAndDevelopment": "0", "effectOfAccountingCharges": "0", "incomeBeforeTax": "39456000", "minorityInterest": "944013000", "sellingGeneralAdministrative": "12243000", "otherNonOperatingIncome": "None", "operatingIncome": "60442000", "otherOperatingExpense": "603288000", "interestExpense": "15827000", "taxProvision": "None", "interestIncome": "None", "netInterestIncome": "None", "extraordinaryItems": "0", "nonRecurring": "0", "otherItems": "0", "incomeTaxExpense": "11450000", "totalOtherIncomeExpense": "20244000", "discontinuedOperations": "0", "netIncomeFromContinuingOperations": "526582000", "netIncomeApplicableToCommonShares": "53094000", "preferredStockAndOtherAdjustments": "None"}, {"fiscalDateEnding": "2015-09-30", "reportedCurrency": "USD", "totalRevenue": "932590000", "totalOperatingExpense": "858886000", "costOfRevenue": "849527000", "grossProfit": "932590000", "ebit": "73704000", "netIncome": "80033000", "researchAndDevelopment": "0", "effectOfAccountingCharges": "0", "incomeBeforeTax": "73704000", "minorityInterest": "-16033000", "sellingGeneralAdministrative": "10739000", "otherNonOperatingIncome": "None", "operatingIncome": "73704000", "otherOperatingExpense": "858886000", "interestExpense": "13300000", "taxProvision": "None", "interestIncome": "None", "netInterestIncome": "None", "extraordinaryItems": "0", "nonRecurring": "0", "otherItems": "0", "incomeTaxExpense": "9704000", "totalOtherIncomeExpense": "0", "discontinuedOperations": "0", "netIncomeFromContinuingOperations": "64000000", "netIncomeApplicableToCommonShares": "74549000", "preferredStockAndOtherAdjustments": "5484000"}, {"fiscalDateEnding": "2015-06-30", "reportedCurrency": "USD", "totalRevenue": "1019652000", "totalOperatingExpense": "887053000", "costOfRevenue": "846041000", "grossProfit": "1019652000", "ebit": "132599000", "netIncome": "115790000", "researchAndDevelopment": "0", "effectOfAccountingCharges": "0", "incomeBeforeTax": "132599000", "minorityInterest": "10029000", "sellingGeneralAdministrative": "17418000", "otherNonOperatingIncome": "None", "operatingIncome": "132599000", "otherOperatingExpense": "887053000", "interestExpense": "4011000", "taxProvision": "None", "interestIncome": "None", "netInterestIncome": "None", "extraordinaryItems": "0", "nonRecurring": "0", "otherItems": "0", "incomeTaxExpense": "6780000", "totalOtherIncomeExpense": "0", "discontinuedOperations": "0", "netIncomeFromContinuingOperations": "125819000", "netIncomeApplicableToCommonShares": "110305000", "preferredStockAndOtherAdjustments": "5485000"}]}