{"symbol": "ACN", "annualReports": [{"fiscalDateEnding": "2019-08-31", "reportedCurrency": "USD", "totalRevenue": "43215013000", "totalOperatingExpense": "7009614000", "costOfRevenue": "29900325000", "grossProfit": "13314688000", "ebit": "6274760000", "netIncome": "4779112000", "researchAndDevelopment": "None", "effectOfAccountingCharges": "None", "incomeBeforeTax": "6251797000", "minorityInterest": "67129000", "sellingGeneralAdministrative": "7009614000", "otherNonOperatingIncome": "-30314000", "operatingIncome": "6305074000", "otherOperatingExpense": "None", "interestExpense": "22963000", "taxProvision": "1405556000", "interestIncome": "87508000", "netInterestIncome": "64545000", "extraordinaryItems": "None", "nonRecurring": "None", "otherItems": "None", "incomeTaxExpense": "1405556000", "totalOtherIncomeExpense": "-117822000", "discontinuedOperations": "None", "netIncomeFromContinuingOperations": "4846241000", "netIncomeApplicableToCommonShares": "4779112000", "preferredStockAndOtherAdjustments": "None"}, {"fiscalDateEnding": "2018-08-31", "reportedCurrency": "USD", "totalRevenue": "41603428000", "totalOperatingExpense": "6601872000", "costOfRevenue": "29160515000", "grossProfit": "12442913000", "ebit": "5827632000", "netIncome": "4059907000", "researchAndDevelopment": "790779000", "effectOfAccountingCharges": "None", "incomeBeforeTax": "5808093000", "minorityInterest": "154687000", "sellingGeneralAdministrative": "6601872000", "otherNonOperatingIncome": "-13409000", "operatingIncome": "5841041000", "otherOperatingExpense": "None", "interestExpense": "19539000", "taxProvision": "1593499000", "interestIncome": "56337000", "netInterestIncome": "36798000", "extraordinaryItems": "-177651000", "nonRecurring": "None", "otherItems": "None", "incomeTaxExpense": "1593499000", "totalOtherIncomeExpense": "-69746000", "discontinuedOperations": "None", "netIncomeFromContinuingOperations": "4214594000", "netIncomeApplicableToCommonShares": "4059907000", "preferredStockAndOtherAdjustments": "None"}, {"fiscalDateEnding": "2017-08-31", "reportedCurrency": "USD", "totalRevenue": "36765478000", "totalOperatingExpense": "5888090000", "costOfRevenue": "25734986000", "grossProfit": "11030492000", "ebit": "4631577000", "netIncome": "3445149000", "researchAndDevelopment": "704317000", "effectOfAccountingCharges": "None", "incomeBeforeTax": "4616032000", "minorityInterest": "189783000", "sellingGeneralAdministrative": "5888090000", "otherNonOperatingIncome": "-1032000", "operatingIncome": "4632609000", "otherOperatingExpense": "None", "interestExpense": "15545000", "taxProvision": "981100000", "interestIncome": "37940000", "netInterestIncome": "22395000", "extraordinaryItems": "None", "nonRecurring": "None", "otherItems": "None", "incomeTaxExpense": "981100000", "totalOtherIncomeExpense": "-38972000", "discontinuedOperations": "None", "netIncomeFromContinuingOperations": "3634932000", "netIncomeApplicableToCommonShares": "3445149000", "preferredStockAndOtherAdjustments": "None"}, {"fiscalDateEnding": "2016-08-31", "reportedCurrency": "USD", "totalRevenue": "34797661000", "totalOperatingExpense": "5466982000", "costOfRevenue": "24520234000", "grossProfit": "10277427000", "ebit": "5619830000", "netIncome": "4111892000", "researchAndDevelopment": "643407000", "effectOfAccountingCharges": "None", "incomeBeforeTax": "5603572000", "minorityInterest": "237711000", "sellingGeneralAdministrative": "5466982000", "otherNonOperatingIncome": "809385000", "operatingIncome": "4810445000", "otherOperatingExpense": "None", "interestExpense": "16258000", "taxProvision": "1253969000", "interestIncome": "30484000", "netInterestIncome": "14226000", "extraordinaryItems": "None", "nonRecurring": "None", "otherItems": "None", "incomeTaxExpense": "1253969000", "totalOtherIncomeExpense": "778901000", "discontinuedOperations": "None", "netIncomeFromContinuingOperations": "4349603000", "netIncomeApplicableToCommonShares": "4111892000", "preferredStockAndOtherAdjustments": "None"}, {"fiscalDateEnding": "2015-08-31", "reportedCurrency": "USD", "totalRevenue": "32914424000", "totalOperatingExpense": "5373370000", "costOfRevenue": "23105185000", "grossProfit": "9809239000", "ebit": "4425108000", "netIncome": "3053581000", "researchAndDevelopment": "625541000", "effectOfAccountingCharges": "None", "incomeBeforeTax": "4410530000", "minorityInterest": "220208000", "sellingGeneralAdministrative": "5373370000", "otherNonOperatingIncome": "-10761000", "operatingIncome": "4435869000", "otherOperatingExpense": "None", "interestExpense": "14578000", "taxProvision": "1136741000", "interestIncome": "19413000", "netInterestIncome": "None", "extraordinaryItems": "None", "nonRecurring": "None", "otherItems": "None", "incomeTaxExpense": "1136741000", "totalOtherIncomeExpense": "-89721000", "discontinuedOperations": "None", "netIncomeFromContinuingOperations": "3273789000", "netIncomeApplicableToCommonShares": "3053581000", "preferredStockAndOtherAdjustments": "None"}], "quarterlyReports": [{"fiscalDateEnding": "2020-05-31", "reportedCurrency": "USD", "totalRevenue": "10991305000", "totalOperatingExpense": "1815955000", "costOfRevenue": "7462617000", "grossProfit": "3528688000", "ebit": "1685734000", "netIncome": "1228202000", "researchAndDevelopment": "None", "effectOfAccountingCharges": "None", "incomeBeforeTax": "1680773000", "minorityInterest": "24437000", "sellingGeneralAdministrative": "1815955000", "otherNonOperatingIncome": "-26999000", "operatingIncome": "1712733000", "otherOperatingExpense": "None", "interestExpense": "4961000", "taxProvision": "428134000", "interestIncome": "12671000", "netInterestIncome": "7710000", "extraordinaryItems": "None", "nonRecurring": "None", "otherItems": "None", "incomeTaxExpense": "428134000", "totalOtherIncomeExpense": "-39670000", "discontinuedOperations": "None", "netIncomeFromContinuingOperations": "1252639000", "netIncomeApplicableToCommonShares": "1228202000", "preferredStockAndOtherAdjustments": "None"}, {"fiscalDateEnding": "2020-02-29", "reportedCurrency": "USD", "totalRevenue": "11141505000", "totalOperatingExpense": "1870226000", "costOfRevenue": "7782334000", "grossProfit": "3359171000", "ebit": "1518123000", "netIncome": "1234740000", "researchAndDevelopment": "None", "effectOfAccountingCharges": "None", "incomeBeforeTax": "1509556000", "minorityInterest": "17342000", "sellingGeneralAdministrative": "1870226000", "otherNonOperatingIncome": "29178000", "operatingIncome": "1488945000", "otherOperatingExpense": "None", "interestExpense": "8567000", "taxProvision": "257474000", "interestIncome": "21386000", "netInterestIncome": "12819000", "extraordinaryItems": "None", "nonRecurring": "None", "otherItems": "None", "incomeTaxExpense": "257474000", "totalOtherIncomeExpense": "7792000", "discontinuedOperations": "None", "netIncomeFromContinuingOperations": "1252082000", "netIncomeApplicableToCommonShares": "1234740000", "preferredStockAndOtherAdjustments": "None"}, {"fiscalDateEnding": "2019-11-30", "reportedCurrency": "USD", "totalRevenue": "11358958000", "totalOperatingExpense": "1880496000", "costOfRevenue": "7711199000", "grossProfit": "3647759000", "ebit": "1806121000", "netIncome": "1356968000", "researchAndDevelopment": "None", "effectOfAccountingCharges": "None", "incomeBeforeTax": "1800647000", "minorityInterest": "18200000", "sellingGeneralAdministrative": "1880496000", "otherNonOperatingIncome": "38858000", "operatingIncome": "1767263000", "otherOperatingExpense": "None", "interestExpense": "5474000", "taxProvision": "425479000", "interestIncome": "27419000", "netInterestIncome": "21945000", "extraordinaryItems": "None", "nonRecurring": "None", "otherItems": "None", "incomeTaxExpense": "425479000", "totalOtherIncomeExpense": "11439000", "discontinuedOperations": "None", "netIncomeFromContinuingOperations": "1375168000", "netIncomeApplicableToCommonShares": "1356968000", "preferredStockAndOtherAdjustments": "None"}, {"fiscalDateEnding": "2019-08-31", "reportedCurrency": "USD", "totalRevenue": "11055650000", "totalOperatingExpense": "1863123000", "costOfRevenue": "7621034000", "grossProfit": "3434616000", "ebit": "1568243000", "netIncome": "1130427000", "researchAndDevelopment": "None", "effectOfAccountingCharges": "None", "incomeBeforeTax": "1560752000", "minorityInterest": "15121000", "sellingGeneralAdministrative": "1863123000", "otherNonOperatingIncome": "-3250000", "operatingIncome": "1571493000", "otherOperatingExpense": "None", "interestExpense": "7491000", "taxProvision": "415204000", "interestIncome": "27394000", "netInterestIncome": "19903000", "extraordinaryItems": "None", "nonRecurring": "None", "otherItems": "None", "incomeTaxExpense": "415204000", "totalOtherIncomeExpense": "-30644000", "discontinuedOperations": "None", "netIncomeFromContinuingOperations": "1145548000", "netIncomeApplicableToCommonShares": "1130427000", "preferredStockAndOtherAdjustments": "None"}, {"fiscalDateEnding": "2019-05-31", "reportedCurrency": "USD", "totalRevenue": "11099688000", "totalOperatingExpense": "1810355000", "costOfRevenue": "7571390000", "grossProfit": "3528298000", "ebit": "1709655000", "netIncome": "1249516000", "researchAndDevelopment": "None", "effectOfAccountingCharges": "None", "incomeBeforeTax": "1704307000", "minorityInterest": "19133000", "sellingGeneralAdministrative": "1810355000", "otherNonOperatingIncome": "-8288000", "operatingIncome": "1717943000", "otherOperatingExpense": "None", "interestExpense": "5348000", "taxProvision": "435658000", "interestIncome": "21402000", "netInterestIncome": "16054000", "extraordinaryItems": "None", "nonRecurring": "None", "otherItems": "None", "incomeTaxExpense": "435658000", "totalOtherIncomeExpense": "-29690000", "discontinuedOperations": "None", "netIncomeFromContinuingOperations": "1268649000", "netIncomeApplicableToCommonShares": "1249516000", "preferredStockAndOtherAdjustments": "None"}, {"fiscalDateEnding": "2019-02-28", "reportedCurrency": "USD", "totalRevenue": "10454129000", "totalOperatingExpense": "1667723000", "costOfRevenue": "7399780000", "grossProfit": "3054349000", "ebit": "1381873000", "netIncome": "1124449000", "researchAndDevelopment": "0", "effectOfAccountingCharges": "None", "incomeBeforeTax": "1376254000", "minorityInterest": "16271000", "sellingGeneralAdministrative": "1667723000", "otherNonOperatingIncome": "-4753000", "operatingIncome": "1386626000", "otherOperatingExpense": "None", "interestExpense": "5619000", "taxProvision": "235534000", "interestIncome": "19081000", "netInterestIncome": "13462000", "extraordinaryItems": "None", "nonRecurring": "None", "otherItems": "None", "incomeTaxExpense": "235534000", "totalOtherIncomeExpense": "-23834000", "discontinuedOperations": "None", "netIncomeFromContinuingOperations": "1140720000", "netIncomeApplicableToCommonShares": "1124449000", "preferredStockAndOtherAdjustments": "None"}, {"fiscalDateEnding": "2018-11-30", "reportedCurrency": "USD", "totalRevenue": "10605546000", "totalOperatingExpense": "1668413000", "costOfRevenue": "7308121000", "grossProfit": "3297425000", "ebit": "1614989000", "netIncome": "1274720000", "researchAndDevelopment": "0", "effectOfAccountingCharges": "None", "incomeBeforeTax": "1610484000", "minorityInterest": "16604000", "sellingGeneralAdministrative": "1668413000", "otherNonOperatingIncome": "-14023000", "operatingIncome": "1629012000", "otherOperatingExpense": "None", "interestExpense": "4505000", "taxProvision": "None", "interestIncome": "None", "netInterestIncome": "None", "extraordinaryItems": "None", "nonRecurring": "None", "otherItems": "None", "incomeTaxExpense": "319160000", "totalOtherIncomeExpense": "-18528000", "discontinuedOperations": "None", "netIncomeFromContinuingOperations": "1291324000", "netIncomeApplicableToCommonShares": "1274720000", "preferredStockAndOtherAdjustments": "None"}, {"fiscalDateEnding": "2018-08-31", "reportedCurrency": "USD", "totalRevenue": "10642249000", "totalOperatingExpense": "1770460000", "costOfRevenue": "7419118000", "grossProfit": "3223131000", "ebit": "1461767000", "netIncome": "1029524000", "researchAndDevelopment": "790779000", "effectOfAccountingCharges": "0", "incomeBeforeTax": "1456614000", "minorityInterest": "18847000", "sellingGeneralAdministrative": "1770460000", "otherNonOperatingIncome": "9096000", "operatingIncome": "1452671000", "otherOperatingExpense": "0", "interestExpense": "5153000", "taxProvision": "None", "interestIncome": "None", "netInterestIncome": "None", "extraordinaryItems": "0", "nonRecurring": "0", "otherItems": "0", "incomeTaxExpense": "408243000", "totalOtherIncomeExpense": "3943000", "discontinuedOperations": "0", "netIncomeFromContinuingOperations": "1048371000", "netIncomeApplicableToCommonShares": "1029524000", "preferredStockAndOtherAdjustments": "None"}, {"fiscalDateEnding": "2018-05-31", "reportedCurrency": "USD", "totalRevenue": "10838854000", "totalOperatingExpense": "1699402000", "costOfRevenue": "7519726000", "grossProfit": "3319128000", "ebit": "1618397000", "netIncome": "1043020000", "researchAndDevelopment": "0", "effectOfAccountingCharges": "0", "incomeBeforeTax": "1612558000", "minorityInterest": "15121000", "sellingGeneralAdministrative": "1699402000", "otherNonOperatingIncome": "-1329000", "operatingIncome": "1619726000", "otherOperatingExpense": "0", "interestExpense": "5839000", "taxProvision": "None", "interestIncome": "None", "netInterestIncome": "None", "extraordinaryItems": "0", "nonRecurring": "0", "otherItems": "0", "incomeTaxExpense": "554417000", "totalOtherIncomeExpense": "-7168000", "discontinuedOperations": "0", "netIncomeFromContinuingOperations": "1058141000", "netIncomeApplicableToCommonShares": "1043020000", "preferredStockAndOtherAdjustments": "None"}, {"fiscalDateEnding": "2018-02-28", "reportedCurrency": "USD", "totalRevenue": "10067832000", "totalOperatingExpense": "1565630000", "costOfRevenue": "7219438000", "grossProfit": "2848394000", "ebit": "1248637000", "netIncome": "863703000", "researchAndDevelopment": "0", "effectOfAccountingCharges": "0", "incomeBeforeTax": "1244797000", "minorityInterest": "55837000", "sellingGeneralAdministrative": "1565630000", "otherNonOperatingIncome": "-34127000", "operatingIncome": "1282764000", "otherOperatingExpense": "0", "interestExpense": "3840000", "taxProvision": "None", "interestIncome": "None", "netInterestIncome": "None", "extraordinaryItems": "0", "nonRecurring": "0", "otherItems": "0", "incomeTaxExpense": "325257000", "totalOtherIncomeExpense": "-37967000", "discontinuedOperations": "0", "netIncomeFromContinuingOperations": "919540000", "netIncomeApplicableToCommonShares": "863703000", "preferredStockAndOtherAdjustments": "None"}, {"fiscalDateEnding": "2017-11-30", "reportedCurrency": "USD", "totalRevenue": "10054493000", "totalOperatingExpense": "1566380000", "costOfRevenue": "7002233000", "grossProfit": "3052260000", "ebit": "1498831000", "netIncome": "1123660000", "researchAndDevelopment": "0", "effectOfAccountingCharges": "0", "incomeBeforeTax": "1494124000", "minorityInterest": "64882000", "sellingGeneralAdministrative": "1566380000", "otherNonOperatingIncome": "12951000", "operatingIncome": "1485880000", "otherOperatingExpense": "0", "interestExpense": "4707000", "taxProvision": "None", "interestIncome": "None", "netInterestIncome": "None", "extraordinaryItems": "0", "nonRecurring": "0", "otherItems": "0", "incomeTaxExpense": "305582000", "totalOtherIncomeExpense": "0", "discontinuedOperations": "0", "netIncomeFromContinuingOperations": "1188542000", "netIncomeApplicableToCommonShares": "1123660000", "preferredStockAndOtherAdjustments": "None"}, {"fiscalDateEnding": "2017-08-31", "reportedCurrency": "USD", "totalRevenue": "9640906000", "totalOperatingExpense": "1080318000", "costOfRevenue": "6754233000", "grossProfit": "2886673000", "ebit": "1296909000", "netIncome": "932453000", "researchAndDevelopment": "704317000", "effectOfAccountingCharges": "0", "incomeBeforeTax": "1292001000", "minorityInterest": "50721000", "sellingGeneralAdministrative": "1080318000", "otherNonOperatingIncome": "347000", "operatingIncome": "1296562000", "otherOperatingExpense": "0", "interestExpense": "4908000", "taxProvision": "None", "interestIncome": "None", "netInterestIncome": "None", "extraordinaryItems": "0", "nonRecurring": "0", "otherItems": "0", "incomeTaxExpense": "308827000", "totalOtherIncomeExpense": "-526370000", "discontinuedOperations": "0", "netIncomeFromContinuingOperations": "983174000", "netIncomeApplicableToCommonShares": "932453000", "preferredStockAndOtherAdjustments": "None"}, {"fiscalDateEnding": "2017-05-31", "reportedCurrency": "USD", "totalRevenue": "9356787000", "totalOperatingExpense": "2044196000", "costOfRevenue": "6447156000", "grossProfit": "2909631000", "ebit": "878013000", "netIncome": "669468000", "researchAndDevelopment": "0", "effectOfAccountingCharges": "0", "incomeBeforeTax": "874400000", "minorityInterest": "35333000", "sellingGeneralAdministrative": "2044196000", "otherNonOperatingIncome": "12578000", "operatingIncome": "865435000", "otherOperatingExpense": "0", "interestExpense": "3613000", "taxProvision": "None", "interestIncome": "None", "netInterestIncome": "None", "extraordinaryItems": "0", "nonRecurring": "0", "otherItems": "0", "incomeTaxExpense": "169599000", "totalOtherIncomeExpense": "0", "discontinuedOperations": "0", "netIncomeFromContinuingOperations": "704801000", "netIncomeApplicableToCommonShares": "669468000", "preferredStockAndOtherAdjustments": "None"}, {"fiscalDateEnding": "2017-02-28", "reportedCurrency": "USD", "totalRevenue": "8762182000", "totalOperatingExpense": "1365503000", "costOfRevenue": "6258026000", "grossProfit": "2504156000", "ebit": "1122486000", "netIncome": "838752000", "researchAndDevelopment": "0", "effectOfAccountingCharges": "0", "incomeBeforeTax": "1118510000", "minorityInterest": "48456000", "sellingGeneralAdministrative": "1365503000", "otherNonOperatingIncome": "-16167000", "operatingIncome": "1138653000", "otherOperatingExpense": "0", "interestExpense": "3976000", "taxProvision": "None", "interestIncome": "None", "netInterestIncome": "None", "extraordinaryItems": "0", "nonRecurring": "0", "otherItems": "0", "incomeTaxExpense": "231302000", "totalOtherIncomeExpense": "0", "discontinuedOperations": "0", "netIncomeFromContinuingOperations": "887208000", "netIncomeApplicableToCommonShares": "838752000", "preferredStockAndOtherAdjustments": "None"}, {"fiscalDateEnding": "2016-11-30", "reportedCurrency": "USD", "totalRevenue": "9005603000", "totalOperatingExpense": "1398073000", "costOfRevenue": "6275571000", "grossProfit": "2730032000", "ebit": "1334169000", "netIncome": "1004476000", "researchAndDevelopment": "0", "effectOfAccountingCharges": "0", "incomeBeforeTax": "1331121000", "minorityInterest": "55273000", "sellingGeneralAdministrative": "1398073000", "otherNonOperatingIncome": "2210000", "operatingIncome": "1331959000", "otherOperatingExpense": "0", "interestExpense": "3048000", "taxProvision": "None", "interestIncome": "None", "netInterestIncome": "None", "extraordinaryItems": "0", "nonRecurring": "0", "otherItems": "0", "incomeTaxExpense": "271372000", "totalOtherIncomeExpense": "0", "discontinuedOperations": "0", "netIncomeFromContinuingOperations": "1059749000", "netIncomeApplicableToCommonShares": "1004476000", "preferredStockAndOtherAdjustments": "None"}, {"fiscalDateEnding": "2016-08-31", "reportedCurrency": "USD", "totalRevenue": "8965580000", "totalOperatingExpense": "1460342000", "costOfRevenue": "6310040000", "grossProfit": "2655540000", "ebit": "1462865000", "netIncome": "1069226000", "researchAndDevelopment": "643407000", "effectOfAccountingCharges": "0", "incomeBeforeTax": "1458913000", "minorityInterest": "61555000", "sellingGeneralAdministrative": "1460342000", "otherNonOperatingIncome": "267667000", "operatingIncome": "1195198000", "otherOperatingExpense": "0", "interestExpense": "3952000", "taxProvision": "None", "interestIncome": "None", "netInterestIncome": "None", "extraordinaryItems": "0", "nonRecurring": "0", "otherItems": "0", "incomeTaxExpense": "328132000", "totalOtherIncomeExpense": "793127000", "discontinuedOperations": "0", "netIncomeFromContinuingOperations": "1130781000", "netIncomeApplicableToCommonShares": "1069226000", "preferredStockAndOtherAdjustments": "None"}, {"fiscalDateEnding": "2016-05-31", "reportedCurrency": "USD", "totalRevenue": "8969044000", "totalOperatingExpense": "1383609000", "costOfRevenue": "6279492000", "grossProfit": "2689552000", "ebit": "1297415000", "netIncome": "897247000", "researchAndDevelopment": "0", "effectOfAccountingCharges": "0", "incomeBeforeTax": "1293704000", "minorityInterest": "53036000", "sellingGeneralAdministrative": "1383609000", "otherNonOperatingIncome": "-8528000", "operatingIncome": "1305943000", "otherOperatingExpense": "0", "interestExpense": "3711000", "taxProvision": "None", "interestIncome": "None", "netInterestIncome": "None", "extraordinaryItems": "0", "nonRecurring": "0", "otherItems": "0", "incomeTaxExpense": "343421000", "totalOtherIncomeExpense": "0", "discontinuedOperations": "0", "netIncomeFromContinuingOperations": "950283000", "netIncomeApplicableToCommonShares": "897247000", "preferredStockAndOtherAdjustments": "None"}, {"fiscalDateEnding": "2016-02-29", "reportedCurrency": "USD", "totalRevenue": "8397053000", "totalOperatingExpense": "1281772000", "costOfRevenue": "6027237000", "grossProfit": "2369816000", "ebit": "1627135000", "netIncome": "1326520000", "researchAndDevelopment": "0", "effectOfAccountingCharges": "0", "incomeBeforeTax": "1622592000", "minorityInterest": "73338000", "sellingGeneralAdministrative": "1281772000", "otherNonOperatingIncome": "539091000", "operatingIncome": "1088044000", "otherOperatingExpense": "0", "interestExpense": "4543000", "taxProvision": "None", "interestIncome": "None", "netInterestIncome": "None", "extraordinaryItems": "0", "nonRecurring": "0", "otherItems": "0", "incomeTaxExpense": "222734000", "totalOtherIncomeExpense": "0", "discontinuedOperations": "0", "netIncomeFromContinuingOperations": "1399858000", "netIncomeApplicableToCommonShares": "1326520000", "preferredStockAndOtherAdjustments": "None"}, {"fiscalDateEnding": "2015-11-30", "reportedCurrency": "USD", "totalRevenue": "8465984000", "totalOperatingExpense": "1341259000", "costOfRevenue": "5903465000", "grossProfit": "2562519000", "ebit": "1232415000", "netIncome": "818899000", "researchAndDevelopment": "0", "effectOfAccountingCharges": "0", "incomeBeforeTax": "1228363000", "minorityInterest": "49782000", "sellingGeneralAdministrative": "1341259000", "otherNonOperatingIncome": "11155000", "operatingIncome": "1221260000", "otherOperatingExpense": "0", "interestExpense": "4052000", "taxProvision": "None", "interestIncome": "None", "netInterestIncome": "None", "extraordinaryItems": "0", "nonRecurring": "0", "otherItems": "0", "incomeTaxExpense": "359682000", "totalOtherIncomeExpense": "0", "discontinuedOperations": "0", "netIncomeFromContinuingOperations": "868681000", "netIncomeApplicableToCommonShares": "818899000", "preferredStockAndOtherAdjustments": "None"}, {"fiscalDateEnding": "2015-08-31", "reportedCurrency": "USD", "totalRevenue": "8364511000", "totalOperatingExpense": "1410797000", "costOfRevenue": "5860106000", "grossProfit": "2504405000", "ebit": "1085293000", "netIncome": "737628000", "researchAndDevelopment": "625541000", "effectOfAccountingCharges": "0", "incomeBeforeTax": "1081461000", "minorityInterest": "50497000", "sellingGeneralAdministrative": "1410797000", "otherNonOperatingIncome": "-8315000", "operatingIncome": "1093608000", "otherOperatingExpense": "0", "interestExpense": "3832000", "taxProvision": "None", "interestIncome": "None", "netInterestIncome": "None", "extraordinaryItems": "0", "nonRecurring": "0", "otherItems": "0", "incomeTaxExpense": "293336000", "totalOtherIncomeExpense": "-89721000", "discontinuedOperations": "0", "netIncomeFromContinuingOperations": "788125000", "netIncomeApplicableToCommonShares": "737628000", "preferredStockAndOtherAdjustments": "None"}, {"fiscalDateEnding": "2015-05-31", "reportedCurrency": "USD", "totalRevenue": "8275066000", "totalOperatingExpense": "1391386000", "costOfRevenue": "5750161000", "grossProfit": "2524905000", "ebit": "1136121000", "netIncome": "793697000", "researchAndDevelopment": "0", "effectOfAccountingCharges": "0", "incomeBeforeTax": "1132091000", "minorityInterest": "56533000", "sellingGeneralAdministrative": "1391386000", "otherNonOperatingIncome": "2602000", "operatingIncome": "1133519000", "otherOperatingExpense": "0", "interestExpense": "4030000", "taxProvision": "None", "interestIncome": "None", "netInterestIncome": "None", "extraordinaryItems": "0", "nonRecurring": "0", "otherItems": "0", "incomeTaxExpense": "281861000", "totalOtherIncomeExpense": "0", "discontinuedOperations": "0", "netIncomeFromContinuingOperations": "850230000", "netIncomeApplicableToCommonShares": "793697000", "preferredStockAndOtherAdjustments": "None"}]}