{"symbol": "ACNB", "annualReports": [{"fiscalDateEnding": "2019-12-31", "reportedCurrency": "USD", "totalRevenue": "77587000", "totalOperatingExpense": "45192000", "costOfRevenue": "None", "grossProfit": "76987000", "ebit": "None", "netIncome": "23721000", "researchAndDevelopment": "None", "effectOfAccountingCharges": "None", "incomeBeforeTax": "29366000", "minorityInterest": "None", "sellingGeneralAdministrative": "30540000", "otherNonOperatingIncome": "None", "operatingIncome": "31795000", "otherOperatingExpense": "6042000", "interestExpense": "10140000", "taxProvision": "5645000", "interestIncome": "69230000", "netInterestIncome": "59090000", "extraordinaryItems": "None", "nonRecurring": "None", "otherItems": "None", "incomeTaxExpense": "5645000", "totalOtherIncomeExpense": "-2429000", "discontinuedOperations": "None", "netIncomeFromContinuingOperations": "23721000", "netIncomeApplicableToCommonShares": "23721000", "preferredStockAndOtherAdjustments": "None"}, {"fiscalDateEnding": "2018-12-31", "reportedCurrency": "USD", "totalRevenue": "71423000", "totalOperatingExpense": "44703000", "costOfRevenue": "0", "grossProfit": "71423000", "ebit": "26720000", "netIncome": "21748000", "researchAndDevelopment": "0", "effectOfAccountingCharges": "None", "incomeBeforeTax": "26720000", "minorityInterest": "None", "sellingGeneralAdministrative": "44703000", "otherNonOperatingIncome": "None", "operatingIncome": "26720000", "otherOperatingExpense": "5678000", "interestExpense": "7399000", "taxProvision": "4972000", "interestIncome": "64195000", "netInterestIncome": "56796000", "extraordinaryItems": "None", "nonRecurring": "None", "otherItems": "None", "incomeTaxExpense": "4972000", "totalOtherIncomeExpense": "-1510000", "discontinuedOperations": "None", "netIncomeFromContinuingOperations": "21748000", "netIncomeApplicableToCommonShares": "21748000", "preferredStockAndOtherAdjustments": "None"}, {"fiscalDateEnding": "2017-12-31", "reportedCurrency": "USD", "totalRevenue": "60501000", "totalOperatingExpense": "44079000", "costOfRevenue": "5433000", "grossProfit": "60501000", "ebit": "16422000", "netIncome": "9788000", "researchAndDevelopment": "0", "effectOfAccountingCharges": "None", "incomeBeforeTax": "16422000", "minorityInterest": "None", "sellingGeneralAdministrative": "44079000", "otherNonOperatingIncome": "None", "operatingIncome": "16422000", "otherOperatingExpense": "4965000", "interestExpense": "5433000", "taxProvision": "6634000", "interestIncome": "51533000", "netInterestIncome": "46100000", "extraordinaryItems": "-1700000", "nonRecurring": "4728000", "otherItems": "None", "incomeTaxExpense": "6634000", "totalOtherIncomeExpense": "-6002000", "discontinuedOperations": "None", "netIncomeFromContinuingOperations": "9788000", "netIncomeApplicableToCommonShares": "9788000", "preferredStockAndOtherAdjustments": "None"}, {"fiscalDateEnding": "2016-12-31", "reportedCurrency": "USD", "totalRevenue": "49774000", "totalOperatingExpense": "35137000", "costOfRevenue": "3934000", "grossProfit": "49774000", "ebit": "14637000", "netIncome": "10869000", "researchAndDevelopment": "0", "effectOfAccountingCharges": "None", "incomeBeforeTax": "14637000", "minorityInterest": "None", "sellingGeneralAdministrative": "35137000", "otherNonOperatingIncome": "None", "operatingIncome": "14637000", "otherOperatingExpense": "4270000", "interestExpense": "3934000", "taxProvision": "3768000", "interestIncome": "40288000", "netInterestIncome": "36354000", "extraordinaryItems": "None", "nonRecurring": "472000", "otherItems": "None", "incomeTaxExpense": "3768000", "totalOtherIncomeExpense": "-1034000", "discontinuedOperations": "None", "netIncomeFromContinuingOperations": "10869000", "netIncomeApplicableToCommonShares": "10869000", "preferredStockAndOtherAdjustments": "None"}, {"fiscalDateEnding": "2015-12-31", "reportedCurrency": "USD", "totalRevenue": "48012000", "totalOperatingExpense": "33234000", "costOfRevenue": "3858000", "grossProfit": "48012000", "ebit": "14778000", "netIncome": "11017000", "researchAndDevelopment": "0", "effectOfAccountingCharges": "None", "incomeBeforeTax": "14778000", "minorityInterest": "None", "sellingGeneralAdministrative": "33234000", "otherNonOperatingIncome": "None", "operatingIncome": "14778000", "otherOperatingExpense": "4070000", "interestExpense": "3858000", "taxProvision": "3761000", "interestIncome": "39464000", "netInterestIncome": "35606000", "extraordinaryItems": "None", "nonRecurring": "472000", "otherItems": "None", "incomeTaxExpense": "3761000", "totalOtherIncomeExpense": "-1120000", "discontinuedOperations": "None", "netIncomeFromContinuingOperations": "11017000", "netIncomeApplicableToCommonShares": "11017000", "preferredStockAndOtherAdjustments": "None"}], "quarterlyReports": [{"fiscalDateEnding": "2020-06-30", "reportedCurrency": "USD", "totalRevenue": "20688000", "totalOperatingExpense": "13455000", "costOfRevenue": "None", "grossProfit": "20688000", "ebit": "7233000", "netIncome": "5797000", "researchAndDevelopment": "None", "effectOfAccountingCharges": "None", "incomeBeforeTax": "7233000", "minorityInterest": "None", "sellingGeneralAdministrative": "13455000", "otherNonOperatingIncome": "None", "operatingIncome": "7233000", "otherOperatingExpense": "1588000", "interestExpense": "3240000", "taxProvision": "1436000", "interestIncome": "21530000", "netInterestIncome": "18290000", "extraordinaryItems": "None", "nonRecurring": "None", "otherItems": "None", "incomeTaxExpense": "1436000", "totalOtherIncomeExpense": "None", "discontinuedOperations": "None", "netIncomeFromContinuingOperations": "5797000", "netIncomeApplicableToCommonShares": "5797000", "preferredStockAndOtherAdjustments": "None"}, {"fiscalDateEnding": "2020-03-31", "reportedCurrency": "USD", "totalRevenue": "17621000", "totalOperatingExpense": "19457000", "costOfRevenue": "None", "grossProfit": "17621000", "ebit": "-1836000", "netIncome": "-1223000", "researchAndDevelopment": "None", "effectOfAccountingCharges": "None", "incomeBeforeTax": "-1836000", "minorityInterest": "None", "sellingGeneralAdministrative": "19457000", "otherNonOperatingIncome": "None", "operatingIncome": "-1836000", "otherOperatingExpense": "13492000", "interestExpense": "3454000", "taxProvision": "-613000", "interestIncome": "20819000", "netInterestIncome": "17365000", "extraordinaryItems": "None", "nonRecurring": "None", "otherItems": "None", "incomeTaxExpense": "-613000", "totalOtherIncomeExpense": "None", "discontinuedOperations": "None", "netIncomeFromContinuingOperations": "-1223000", "netIncomeApplicableToCommonShares": "-1223000", "preferredStockAndOtherAdjustments": "None"}, {"fiscalDateEnding": "2019-12-31", "reportedCurrency": "USD", "totalRevenue": "19206000", "totalOperatingExpense": "11710000", "costOfRevenue": "None", "grossProfit": "19031000", "ebit": "None", "netIncome": "5081000", "researchAndDevelopment": "None", "effectOfAccountingCharges": "None", "incomeBeforeTax": "6330000", "minorityInterest": "None", "sellingGeneralAdministrative": "7675000", "otherNonOperatingIncome": "None", "operatingIncome": "7321000", "otherOperatingExpense": "1612000", "interestExpense": "2783000", "taxProvision": "1249000", "interestIncome": "17446000", "netInterestIncome": "14663000", "extraordinaryItems": "None", "nonRecurring": "None", "otherItems": "None", "incomeTaxExpense": "1249000", "totalOtherIncomeExpense": "-991000", "discontinuedOperations": "None", "netIncomeFromContinuingOperations": "5081000", "netIncomeApplicableToCommonShares": "5081000", "preferredStockAndOtherAdjustments": "None"}, {"fiscalDateEnding": "2019-09-30", "reportedCurrency": "USD", "totalRevenue": "19836000", "totalOperatingExpense": "11974000", "costOfRevenue": "None", "grossProfit": "19836000", "ebit": "7862000", "netIncome": "6310000", "researchAndDevelopment": "None", "effectOfAccountingCharges": "None", "incomeBeforeTax": "7862000", "minorityInterest": "None", "sellingGeneralAdministrative": "11974000", "otherNonOperatingIncome": "None", "operatingIncome": "7862000", "otherOperatingExpense": "1366000", "interestExpense": "2652000", "taxProvision": "1552000", "interestIncome": "17619000", "netInterestIncome": "14967000", "extraordinaryItems": "None", "nonRecurring": "None", "otherItems": "None", "incomeTaxExpense": "1552000", "totalOtherIncomeExpense": "-806000", "discontinuedOperations": "None", "netIncomeFromContinuingOperations": "6310000", "netIncomeApplicableToCommonShares": "6310000", "preferredStockAndOtherAdjustments": "None"}, {"fiscalDateEnding": "2019-06-30", "reportedCurrency": "USD", "totalRevenue": "19665000", "totalOperatingExpense": "11685000", "costOfRevenue": "None", "grossProfit": "19665000", "ebit": "7980000", "netIncome": "6466000", "researchAndDevelopment": "None", "effectOfAccountingCharges": "None", "incomeBeforeTax": "7980000", "minorityInterest": "None", "sellingGeneralAdministrative": "11685000", "otherNonOperatingIncome": "None", "operatingIncome": "7980000", "otherOperatingExpense": "1575000", "interestExpense": "2485000", "taxProvision": "1514000", "interestIncome": "17374000", "netInterestIncome": "14889000", "extraordinaryItems": "None", "nonRecurring": "None", "otherItems": "None", "incomeTaxExpense": "1514000", "totalOtherIncomeExpense": "-336000", "discontinuedOperations": "None", "netIncomeFromContinuingOperations": "6466000", "netIncomeApplicableToCommonShares": "6466000", "preferredStockAndOtherAdjustments": "None"}, {"fiscalDateEnding": "2019-03-31", "reportedCurrency": "USD", "totalRevenue": "18455000", "totalOperatingExpense": "11261000", "costOfRevenue": "None", "grossProfit": "18455000", "ebit": "7194000", "netIncome": "5864000", "researchAndDevelopment": "None", "effectOfAccountingCharges": "None", "incomeBeforeTax": "7194000", "minorityInterest": "None", "sellingGeneralAdministrative": "11261000", "otherNonOperatingIncome": "None", "operatingIncome": "7194000", "otherOperatingExpense": "1514000", "interestExpense": "2220000", "taxProvision": "1330000", "interestIncome": "16791000", "netInterestIncome": "14665000", "extraordinaryItems": "None", "nonRecurring": "None", "otherItems": "None", "incomeTaxExpense": "1330000", "totalOtherIncomeExpense": "-271000", "discontinuedOperations": "None", "netIncomeFromContinuingOperations": "5864000", "netIncomeApplicableToCommonShares": "5864000", "preferredStockAndOtherAdjustments": "None"}, {"fiscalDateEnding": "2018-12-31", "reportedCurrency": "USD", "totalRevenue": "17973000", "totalOperatingExpense": "11610000", "costOfRevenue": "2914000", "grossProfit": "17973000", "ebit": "6363000", "netIncome": "5289000", "researchAndDevelopment": "0", "effectOfAccountingCharges": "0", "incomeBeforeTax": "6363000", "minorityInterest": "0", "sellingGeneralAdministrative": "11610000", "otherNonOperatingIncome": "None", "operatingIncome": "6363000", "otherOperatingExpense": "1695000", "interestExpense": "2064000", "taxProvision": "None", "interestIncome": "None", "netInterestIncome": "None", "extraordinaryItems": "0", "nonRecurring": "0", "otherItems": "0", "incomeTaxExpense": "1074000", "totalOtherIncomeExpense": "-305000", "discontinuedOperations": "0", "netIncomeFromContinuingOperations": "5289000", "netIncomeApplicableToCommonShares": "5289000", "preferredStockAndOtherAdjustments": "None"}, {"fiscalDateEnding": "2018-09-30", "reportedCurrency": "USD", "totalRevenue": "18338000", "totalOperatingExpense": "10856000", "costOfRevenue": "2069000", "grossProfit": "18338000", "ebit": "7482000", "netIncome": "6039000", "researchAndDevelopment": "0", "effectOfAccountingCharges": "0", "incomeBeforeTax": "7482000", "minorityInterest": "0", "sellingGeneralAdministrative": "10856000", "otherNonOperatingIncome": "None", "operatingIncome": "7482000", "otherOperatingExpense": "1328000", "interestExpense": "1869000", "taxProvision": "None", "interestIncome": "None", "netInterestIncome": "None", "extraordinaryItems": "0", "nonRecurring": "0", "otherItems": "0", "incomeTaxExpense": "1443000", "totalOtherIncomeExpense": "-340000", "discontinuedOperations": "0", "netIncomeFromContinuingOperations": "6039000", "netIncomeApplicableToCommonShares": "6039000", "preferredStockAndOtherAdjustments": "None"}, {"fiscalDateEnding": "2018-06-30", "reportedCurrency": "USD", "totalRevenue": "18088000", "totalOperatingExpense": "11251000", "costOfRevenue": "2093000", "grossProfit": "18088000", "ebit": "6837000", "netIncome": "5507000", "researchAndDevelopment": "0", "effectOfAccountingCharges": "0", "incomeBeforeTax": "6837000", "minorityInterest": "0", "sellingGeneralAdministrative": "11251000", "otherNonOperatingIncome": "None", "operatingIncome": "6837000", "otherOperatingExpense": "1396000", "interestExpense": "1773000", "taxProvision": "None", "interestIncome": "None", "netInterestIncome": "None", "extraordinaryItems": "0", "nonRecurring": "0", "otherItems": "0", "incomeTaxExpense": "1330000", "totalOtherIncomeExpense": "-445000", "discontinuedOperations": "0", "netIncomeFromContinuingOperations": "5507000", "netIncomeApplicableToCommonShares": "5507000", "preferredStockAndOtherAdjustments": "None"}, {"fiscalDateEnding": "2018-03-31", "reportedCurrency": "USD", "totalRevenue": "17024000", "totalOperatingExpense": "10986000", "costOfRevenue": "1943000", "grossProfit": "17024000", "ebit": "6038000", "netIncome": "4913000", "researchAndDevelopment": "0", "effectOfAccountingCharges": "0", "incomeBeforeTax": "6038000", "minorityInterest": "0", "sellingGeneralAdministrative": "10986000", "otherNonOperatingIncome": "None", "operatingIncome": "6038000", "otherOperatingExpense": "1315000", "interestExpense": "1693000", "taxProvision": "None", "interestIncome": "None", "netInterestIncome": "None", "extraordinaryItems": "0", "nonRecurring": "0", "otherItems": "0", "incomeTaxExpense": "1125000", "totalOtherIncomeExpense": "-364000", "discontinuedOperations": "0", "netIncomeFromContinuingOperations": "4913000", "netIncomeApplicableToCommonShares": "4913000", "preferredStockAndOtherAdjustments": "None"}, {"fiscalDateEnding": "2017-12-31", "reportedCurrency": "USD", "totalRevenue": "17102000", "totalOperatingExpense": "10578000", "costOfRevenue": "1688000", "grossProfit": "17102000", "ebit": "6524000", "netIncome": "2517000", "researchAndDevelopment": "0", "effectOfAccountingCharges": "0", "incomeBeforeTax": "6524000", "minorityInterest": "0", "sellingGeneralAdministrative": "10578000", "otherNonOperatingIncome": "None", "operatingIncome": "6524000", "otherOperatingExpense": "6244000", "interestExpense": "3886000", "taxProvision": "None", "interestIncome": "None", "netInterestIncome": "None", "extraordinaryItems": "0", "nonRecurring": "677000", "otherItems": "0", "incomeTaxExpense": "4007000", "totalOtherIncomeExpense": "-6002000", "discontinuedOperations": "0", "netIncomeFromContinuingOperations": "2517000", "netIncomeApplicableToCommonShares": "2517000", "preferredStockAndOtherAdjustments": "None"}, {"fiscalDateEnding": "2017-09-30", "reportedCurrency": "USD", "totalRevenue": "17492000", "totalOperatingExpense": "14867000", "costOfRevenue": "1547000", "grossProfit": "17492000", "ebit": "2625000", "netIncome": "1912000", "researchAndDevelopment": "0", "effectOfAccountingCharges": "0", "incomeBeforeTax": "2625000", "minorityInterest": "0", "sellingGeneralAdministrative": "14867000", "otherNonOperatingIncome": "None", "operatingIncome": "2625000", "otherOperatingExpense": "-2400000", "interestExpense": "416000", "taxProvision": "None", "interestIncome": "None", "netInterestIncome": "None", "extraordinaryItems": "0", "nonRecurring": "4167000", "otherItems": "0", "incomeTaxExpense": "713000", "totalOtherIncomeExpense": "0", "discontinuedOperations": "0", "netIncomeFromContinuingOperations": "1912000", "netIncomeApplicableToCommonShares": "1912000", "preferredStockAndOtherAdjustments": "None"}, {"fiscalDateEnding": "2017-06-30", "reportedCurrency": "USD", "totalRevenue": "13359000", "totalOperatingExpense": "9634000", "costOfRevenue": "1131000", "grossProfit": "13359000", "ebit": "3725000", "netIncome": "2722000", "researchAndDevelopment": "0", "effectOfAccountingCharges": "0", "incomeBeforeTax": "3725000", "minorityInterest": "0", "sellingGeneralAdministrative": "9634000", "otherNonOperatingIncome": "None", "operatingIncome": "3725000", "otherOperatingExpense": "1041000", "interestExpense": "64000", "taxProvision": "None", "interestIncome": "None", "netInterestIncome": "None", "extraordinaryItems": "0", "nonRecurring": "-278000", "otherItems": "0", "incomeTaxExpense": "1003000", "totalOtherIncomeExpense": "0", "discontinuedOperations": "0", "netIncomeFromContinuingOperations": "2722000", "netIncomeApplicableToCommonShares": "2722000", "preferredStockAndOtherAdjustments": "None"}, {"fiscalDateEnding": "2017-03-31", "reportedCurrency": "USD", "totalRevenue": "12548000", "totalOperatingExpense": "9000000", "costOfRevenue": "1067000", "grossProfit": "12548000", "ebit": "3548000", "netIncome": "2637000", "researchAndDevelopment": "0", "effectOfAccountingCharges": "0", "incomeBeforeTax": "3548000", "minorityInterest": "0", "sellingGeneralAdministrative": "9000000", "otherNonOperatingIncome": "None", "operatingIncome": "3548000", "otherOperatingExpense": "80000", "interestExpense": "1067000", "taxProvision": "None", "interestIncome": "None", "netInterestIncome": "None", "extraordinaryItems": "0", "nonRecurring": "162000", "otherItems": "0", "incomeTaxExpense": "911000", "totalOtherIncomeExpense": "0", "discontinuedOperations": "0", "netIncomeFromContinuingOperations": "2637000", "netIncomeApplicableToCommonShares": "2637000", "preferredStockAndOtherAdjustments": "None"}, {"fiscalDateEnding": "2016-12-31", "reportedCurrency": "USD", "totalRevenue": "12568000", "totalOperatingExpense": "9036000", "costOfRevenue": "1001000", "grossProfit": "12568000", "ebit": "3532000", "netIncome": "2572000", "researchAndDevelopment": "0", "effectOfAccountingCharges": "0", "incomeBeforeTax": "3532000", "minorityInterest": "0", "sellingGeneralAdministrative": "9036000", "otherNonOperatingIncome": "None", "operatingIncome": "3532000", "otherOperatingExpense": "4357000", "interestExpense": "2938000", "taxProvision": "None", "interestIncome": "None", "netInterestIncome": "None", "extraordinaryItems": "0", "nonRecurring": "944000", "otherItems": "0", "incomeTaxExpense": "960000", "totalOtherIncomeExpense": "-1034000", "discontinuedOperations": "0", "netIncomeFromContinuingOperations": "2572000", "netIncomeApplicableToCommonShares": "2572000", "preferredStockAndOtherAdjustments": "None"}, {"fiscalDateEnding": "2016-09-30", "reportedCurrency": "USD", "totalRevenue": "12486000", "totalOperatingExpense": "8780000", "costOfRevenue": "996000", "grossProfit": "12486000", "ebit": "3706000", "netIncome": "2768000", "researchAndDevelopment": "0", "effectOfAccountingCharges": "0", "incomeBeforeTax": "3706000", "minorityInterest": "0", "sellingGeneralAdministrative": "8780000", "otherNonOperatingIncome": "None", "operatingIncome": "3706000", "otherOperatingExpense": "-173000", "interestExpense": "16000", "taxProvision": "None", "interestIncome": "None", "netInterestIncome": "None", "extraordinaryItems": "0", "nonRecurring": "-944000", "otherItems": "0", "incomeTaxExpense": "938000", "totalOtherIncomeExpense": "0", "discontinuedOperations": "0", "netIncomeFromContinuingOperations": "2768000", "netIncomeApplicableToCommonShares": "2768000", "preferredStockAndOtherAdjustments": "None"}, {"fiscalDateEnding": "2016-06-30", "reportedCurrency": "USD", "totalRevenue": "12841000", "totalOperatingExpense": "8812000", "costOfRevenue": "980000", "grossProfit": "12841000", "ebit": "4029000", "netIncome": "2982000", "researchAndDevelopment": "0", "effectOfAccountingCharges": "0", "incomeBeforeTax": "4029000", "minorityInterest": "0", "sellingGeneralAdministrative": "8812000", "otherNonOperatingIncome": "None", "operatingIncome": "4029000", "otherOperatingExpense": "86000", "interestExpense": "23000", "taxProvision": "None", "interestIncome": "None", "netInterestIncome": "None", "extraordinaryItems": "0", "nonRecurring": "472000", "otherItems": "0", "incomeTaxExpense": "1047000", "totalOtherIncomeExpense": "0", "discontinuedOperations": "0", "netIncomeFromContinuingOperations": "2982000", "netIncomeApplicableToCommonShares": "2982000", "preferredStockAndOtherAdjustments": "None"}, {"fiscalDateEnding": "2016-03-31", "reportedCurrency": "USD", "totalRevenue": "11879000", "totalOperatingExpense": "8509000", "costOfRevenue": "957000", "grossProfit": "11879000", "ebit": "3370000", "netIncome": "2547000", "researchAndDevelopment": "0", "effectOfAccountingCharges": "0", "incomeBeforeTax": "3370000", "minorityInterest": "0", "sellingGeneralAdministrative": "8509000", "otherNonOperatingIncome": "None", "operatingIncome": "3370000", "otherOperatingExpense": "0", "interestExpense": "957000", "taxProvision": "None", "interestIncome": "None", "netInterestIncome": "None", "extraordinaryItems": "0", "nonRecurring": "0", "otherItems": "0", "incomeTaxExpense": "823000", "totalOtherIncomeExpense": "0", "discontinuedOperations": "0", "netIncomeFromContinuingOperations": "2547000", "netIncomeApplicableToCommonShares": "2547000", "preferredStockAndOtherAdjustments": "None"}, {"fiscalDateEnding": "2015-12-31", "reportedCurrency": "USD", "totalRevenue": "12035000", "totalOperatingExpense": "8209000", "costOfRevenue": "940000", "grossProfit": "12035000", "ebit": "3826000", "netIncome": "2852000", "researchAndDevelopment": "0", "effectOfAccountingCharges": "0", "incomeBeforeTax": "3826000", "minorityInterest": "0", "sellingGeneralAdministrative": "8209000", "otherNonOperatingIncome": "None", "operatingIncome": "3826000", "otherOperatingExpense": "4070000", "interestExpense": "2899000", "taxProvision": "None", "interestIncome": "None", "netInterestIncome": "None", "extraordinaryItems": "0", "nonRecurring": "472000", "otherItems": "0", "incomeTaxExpense": "974000", "totalOtherIncomeExpense": "-1120000", "discontinuedOperations": "0", "netIncomeFromContinuingOperations": "2852000", "netIncomeApplicableToCommonShares": "2852000", "preferredStockAndOtherAdjustments": "None"}, {"fiscalDateEnding": "2015-09-30", "reportedCurrency": "USD", "totalRevenue": "12048000", "totalOperatingExpense": "8260000", "costOfRevenue": "959000", "grossProfit": "12048000", "ebit": "3788000", "netIncome": "2812000", "researchAndDevelopment": "0", "effectOfAccountingCharges": "0", "incomeBeforeTax": "3788000", "minorityInterest": "0", "sellingGeneralAdministrative": "8260000", "otherNonOperatingIncome": "None", "operatingIncome": "3788000", "otherOperatingExpense": "0", "interestExpense": "-30000", "taxProvision": "None", "interestIncome": "None", "netInterestIncome": "None", "extraordinaryItems": "0", "nonRecurring": "0", "otherItems": "0", "incomeTaxExpense": "976000", "totalOtherIncomeExpense": "0", "discontinuedOperations": "0", "netIncomeFromContinuingOperations": "2812000", "netIncomeApplicableToCommonShares": "2812000", "preferredStockAndOtherAdjustments": "None"}, {"fiscalDateEnding": "2015-06-30", "reportedCurrency": "USD", "totalRevenue": "12295000", "totalOperatingExpense": "8541000", "costOfRevenue": "989000", "grossProfit": "12295000", "ebit": "3754000", "netIncome": "2810000", "researchAndDevelopment": "0", "effectOfAccountingCharges": "0", "incomeBeforeTax": "3754000", "minorityInterest": "0", "sellingGeneralAdministrative": "8541000", "otherNonOperatingIncome": "None", "operatingIncome": "3754000", "otherOperatingExpense": "0", "interestExpense": "19000", "taxProvision": "None", "interestIncome": "None", "netInterestIncome": "None", "extraordinaryItems": "0", "nonRecurring": "0", "otherItems": "0", "incomeTaxExpense": "944000", "totalOtherIncomeExpense": "0", "discontinuedOperations": "0", "netIncomeFromContinuingOperations": "2810000", "netIncomeApplicableToCommonShares": "2810000", "preferredStockAndOtherAdjustments": "None"}]}