{"symbol": "ACRE", "annualReports": [{"fiscalDateEnding": "2019-12-31", "reportedCurrency": "USD", "totalRevenue": "77259000", "totalOperatingExpense": "38821000", "costOfRevenue": "70878000", "grossProfit": "68964000", "ebit": "None", "netIncome": "36991000", "researchAndDevelopment": "None", "effectOfAccountingCharges": "None", "incomeBeforeTax": "37506000", "minorityInterest": "None", "sellingGeneralAdministrative": "14577000", "otherNonOperatingIncome": "None", "operatingIncome": "37506000", "otherOperatingExpense": "22050000", "interestExpense": "62583000", "taxProvision": "515000", "interestIncome": "114784000", "netInterestIncome": "52201000", "extraordinaryItems": "None", "nonRecurring": "None", "otherItems": "None", "incomeTaxExpense": "515000", "totalOtherIncomeExpense": "None", "discontinuedOperations": "None", "netIncomeFromContinuingOperations": "36991000", "netIncomeApplicableToCommonShares": "36991000", "preferredStockAndOtherAdjustments": "None"}, {"fiscalDateEnding": "2018-12-31", "reportedCurrency": "USD", "totalRevenue": "55282000", "totalOperatingExpense": "16240000", "costOfRevenue": "70420000", "grossProfit": "47864000", "ebit": "-16240000", "netIncome": "38596000", "researchAndDevelopment": "0", "effectOfAccountingCharges": "None", "incomeBeforeTax": "39042000", "minorityInterest": "None", "sellingGeneralAdministrative": "14295000", "otherNonOperatingIncome": "None", "operatingIncome": "39042000", "otherOperatingExpense": "22050000", "interestExpense": "63002000", "taxProvision": "446000", "interestIncome": "118284000", "netInterestIncome": "55282000", "extraordinaryItems": "None", "nonRecurring": "None", "otherItems": "None", "incomeTaxExpense": "446000", "totalOtherIncomeExpense": "0", "discontinuedOperations": "None", "netIncomeFromContinuingOperations": "38596000", "netIncomeApplicableToCommonShares": "38596000", "preferredStockAndOtherAdjustments": "None"}, {"fiscalDateEnding": "2017-12-31", "reportedCurrency": "USD", "totalRevenue": "46348000", "totalOperatingExpense": "14970000", "costOfRevenue": "57762000", "grossProfit": "39779000", "ebit": "-15738000", "netIncome": "30407000", "researchAndDevelopment": "0", "effectOfAccountingCharges": "None", "incomeBeforeTax": "30610000", "minorityInterest": "25000", "sellingGeneralAdministrative": "13296000", "otherNonOperatingIncome": "-768000", "operatingIncome": "30610000", "otherOperatingExpense": "22050000", "interestExpense": "51193000", "taxProvision": "178000", "interestIncome": "97541000", "netInterestIncome": "46348000", "extraordinaryItems": "None", "nonRecurring": "None", "otherItems": "None", "incomeTaxExpense": "178000", "totalOtherIncomeExpense": "-768000", "discontinuedOperations": "None", "netIncomeFromContinuingOperations": "30432000", "netIncomeApplicableToCommonShares": "30407000", "preferredStockAndOtherAdjustments": "None"}, {"fiscalDateEnding": "2016-12-31", "reportedCurrency": "USD", "totalRevenue": "45107000", "totalOperatingExpense": "14426000", "costOfRevenue": "42812000", "grossProfit": "39151000", "ebit": "40877000", "netIncome": "40336000", "researchAndDevelopment": "0", "effectOfAccountingCharges": "None", "incomeBeforeTax": "30681000", "minorityInterest": "10644000", "sellingGeneralAdministrative": "12198000", "otherNonOperatingIncome": "None", "operatingIncome": "30681000", "otherOperatingExpense": "22050000", "interestExpense": "36856000", "taxProvision": "230000", "interestIncome": "81963000", "netInterestIncome": "45107000", "extraordinaryItems": "14417000", "nonRecurring": "None", "otherItems": "None", "incomeTaxExpense": "230000", "totalOtherIncomeExpense": "0", "discontinuedOperations": "14417000", "netIncomeFromContinuingOperations": "30451000", "netIncomeApplicableToCommonShares": "40336000", "preferredStockAndOtherAdjustments": "None"}, {"fiscalDateEnding": "2015-12-31", "reportedCurrency": "USD", "totalRevenue": "86337000", "totalOperatingExpense": "13671000", "costOfRevenue": "41739000", "grossProfit": "44598000", "ebit": "45248000", "netIncome": "34285000", "researchAndDevelopment": "0", "effectOfAccountingCharges": "None", "incomeBeforeTax": "36324000", "minorityInterest": "47017000", "sellingGeneralAdministrative": "8274000", "otherNonOperatingIncome": "None", "operatingIncome": "36324000", "otherOperatingExpense": "None", "interestExpense": "36342000", "taxProvision": "-11000", "interestIncome": "None", "netInterestIncome": "None", "extraordinaryItems": "6985000", "nonRecurring": "None", "otherItems": "None", "incomeTaxExpense": "-11000", "totalOtherIncomeExpense": "0", "discontinuedOperations": "6985000", "netIncomeFromContinuingOperations": "36335000", "netIncomeApplicableToCommonShares": "34285000", "preferredStockAndOtherAdjustments": "None"}], "quarterlyReports": [{"fiscalDateEnding": "2020-06-30", "reportedCurrency": "USD", "totalRevenue": "17982000", "totalOperatingExpense": "None", "costOfRevenue": "None", "grossProfit": "None", "ebit": "None", "netIncome": "9768000", "researchAndDevelopment": "None", "effectOfAccountingCharges": "None", "incomeBeforeTax": "9928000", "minorityInterest": "None", "sellingGeneralAdministrative": "4149000", "otherNonOperatingIncome": "None", "operatingIncome": "None", "otherOperatingExpense": "2835000", "interestExpense": "13042000", "taxProvision": "160000", "interestIncome": "29835000", "netInterestIncome": "16793000", "extraordinaryItems": "None", "nonRecurring": "None", "otherItems": "None", "incomeTaxExpense": "160000", "totalOtherIncomeExpense": "None", "discontinuedOperations": "None", "netIncomeFromContinuingOperations": "9768000", "netIncomeApplicableToCommonShares": "9768000", "preferredStockAndOtherAdjustments": "None"}, {"fiscalDateEnding": "2020-03-31", "reportedCurrency": "USD", "totalRevenue": "21134000", "totalOperatingExpense": "None", "costOfRevenue": "17719000", "grossProfit": "18949000", "ebit": "None", "netIncome": "-17263000", "researchAndDevelopment": "None", "effectOfAccountingCharges": "None", "incomeBeforeTax": "-17254000", "minorityInterest": "None", "sellingGeneralAdministrative": "3692000", "otherNonOperatingIncome": "None", "operatingIncome": "-17254000", "otherOperatingExpense": "6264000", "interestExpense": "15534000", "taxProvision": "9000", "interestIncome": "31448000", "netInterestIncome": "15914000", "extraordinaryItems": "None", "nonRecurring": "None", "otherItems": "None", "incomeTaxExpense": "9000", "totalOtherIncomeExpense": "None", "discontinuedOperations": "None", "netIncomeFromContinuingOperations": "-17263000", "netIncomeApplicableToCommonShares": "-17263000", "preferredStockAndOtherAdjustments": "None"}, {"fiscalDateEnding": "2019-12-31", "reportedCurrency": "USD", "totalRevenue": "21580000", "totalOperatingExpense": "11321000", "costOfRevenue": "17418000", "grossProfit": "19206000", "ebit": "None", "netIncome": "9660000", "researchAndDevelopment": "None", "effectOfAccountingCharges": "None", "incomeBeforeTax": "9843000", "minorityInterest": "None", "sellingGeneralAdministrative": "3758000", "otherNonOperatingIncome": "None", "operatingIncome": "9843000", "otherOperatingExpense": "6922000", "interestExpense": "15044000", "taxProvision": "183000", "interestIncome": "28536000", "netInterestIncome": "13492000", "extraordinaryItems": "None", "nonRecurring": "None", "otherItems": "None", "incomeTaxExpense": "183000", "totalOtherIncomeExpense": "None", "discontinuedOperations": "None", "netIncomeFromContinuingOperations": "9660000", "netIncomeApplicableToCommonShares": "9660000", "preferredStockAndOtherAdjustments": "None"}, {"fiscalDateEnding": "2019-09-30", "reportedCurrency": "USD", "totalRevenue": "19847000", "totalOperatingExpense": "10375000", "costOfRevenue": "17121000", "grossProfit": "17850000", "ebit": "None", "netIncome": "9034000", "researchAndDevelopment": "None", "effectOfAccountingCharges": "None", "incomeBeforeTax": "9053000", "minorityInterest": "None", "sellingGeneralAdministrative": "3414000", "otherNonOperatingIncome": "None", "operatingIncome": "9053000", "otherOperatingExpense": "6419000", "interestExpense": "15124000", "taxProvision": "19000", "interestIncome": "28269000", "netInterestIncome": "13145000", "extraordinaryItems": "None", "nonRecurring": "None", "otherItems": "None", "incomeTaxExpense": "19000", "totalOtherIncomeExpense": "None", "discontinuedOperations": "None", "netIncomeFromContinuingOperations": "9034000", "netIncomeApplicableToCommonShares": "9034000", "preferredStockAndOtherAdjustments": "None"}, {"fiscalDateEnding": "2019-06-30", "reportedCurrency": "USD", "totalRevenue": "21675000", "totalOperatingExpense": "11605000", "costOfRevenue": "19024000", "grossProfit": "19326000", "ebit": "9973000", "netIncome": "9755000", "researchAndDevelopment": "None", "effectOfAccountingCharges": "None", "incomeBeforeTax": "9973000", "minorityInterest": "None", "sellingGeneralAdministrative": "4052000", "otherNonOperatingIncome": "None", "operatingIncome": "9973000", "otherOperatingExpense": "7021000", "interestExpense": "16675000", "taxProvision": "218000", "interestIncome": "29993000", "netInterestIncome": "13318000", "extraordinaryItems": "None", "nonRecurring": "None", "otherItems": "None", "incomeTaxExpense": "218000", "totalOtherIncomeExpense": "None", "discontinuedOperations": "None", "netIncomeFromContinuingOperations": "9755000", "netIncomeApplicableToCommonShares": "9755000", "preferredStockAndOtherAdjustments": "None"}, {"fiscalDateEnding": "2019-03-31", "reportedCurrency": "USD", "totalRevenue": "29897000", "totalOperatingExpense": "5518000", "costOfRevenue": "17314000", "grossProfit": "12583000", "ebit": "8639000", "netIncome": "8543000", "researchAndDevelopment": "None", "effectOfAccountingCharges": "None", "incomeBeforeTax": "8639000", "minorityInterest": "None", "sellingGeneralAdministrative": "3890000", "otherNonOperatingIncome": "None", "operatingIncome": "8639000", "otherOperatingExpense": "1687000", "interestExpense": "15740000", "taxProvision": "96000", "interestIncome": "27986000", "netInterestIncome": "12246000", "extraordinaryItems": "None", "nonRecurring": "None", "otherItems": "None", "incomeTaxExpense": "96000", "totalOtherIncomeExpense": "None", "discontinuedOperations": "None", "netIncomeFromContinuingOperations": "8543000", "netIncomeApplicableToCommonShares": "8543000", "preferredStockAndOtherAdjustments": "None"}, {"fiscalDateEnding": "2018-12-31", "reportedCurrency": "USD", "totalRevenue": "14526000", "totalOperatingExpense": "4464000", "costOfRevenue": "18473000", "grossProfit": "14526000", "ebit": "-4464000", "netIncome": "10019000", "researchAndDevelopment": "0", "effectOfAccountingCharges": "0", "incomeBeforeTax": "10062000", "minorityInterest": "0", "sellingGeneralAdministrative": "4464000", "otherNonOperatingIncome": "None", "operatingIncome": "10062000", "otherOperatingExpense": "1687000", "interestExpense": "-14525000", "taxProvision": "None", "interestIncome": "None", "netInterestIncome": "None", "extraordinaryItems": "0", "nonRecurring": "0", "otherItems": "0", "incomeTaxExpense": "43000", "totalOtherIncomeExpense": "0", "discontinuedOperations": "0", "netIncomeFromContinuingOperations": "10019000", "netIncomeApplicableToCommonShares": "10019000", "preferredStockAndOtherAdjustments": "None"}, {"fiscalDateEnding": "2018-09-30", "reportedCurrency": "USD", "totalRevenue": "13984000", "totalOperatingExpense": "3791000", "costOfRevenue": "3792000", "grossProfit": "13984000", "ebit": "-3791000", "netIncome": "9957000", "researchAndDevelopment": "0", "effectOfAccountingCharges": "0", "incomeBeforeTax": "10193000", "minorityInterest": "0", "sellingGeneralAdministrative": "3791000", "otherNonOperatingIncome": "None", "operatingIncome": "10193000", "otherOperatingExpense": "1687000", "interestExpense": "-13984000", "taxProvision": "None", "interestIncome": "None", "netInterestIncome": "None", "extraordinaryItems": "0", "nonRecurring": "0", "otherItems": "0", "incomeTaxExpense": "236000", "totalOtherIncomeExpense": "0", "discontinuedOperations": "0", "netIncomeFromContinuingOperations": "9957000", "netIncomeApplicableToCommonShares": "9957000", "preferredStockAndOtherAdjustments": "None"}, {"fiscalDateEnding": "2018-06-30", "reportedCurrency": "USD", "totalRevenue": "13636000", "totalOperatingExpense": "4247000", "costOfRevenue": "4246000", "grossProfit": "13636000", "ebit": "-4247000", "netIncome": "9303000", "researchAndDevelopment": "0", "effectOfAccountingCharges": "0", "incomeBeforeTax": "9389000", "minorityInterest": "0", "sellingGeneralAdministrative": "4247000", "otherNonOperatingIncome": "None", "operatingIncome": "-4247000", "otherOperatingExpense": "1687000", "interestExpense": "-13636000", "taxProvision": "None", "interestIncome": "None", "netInterestIncome": "None", "extraordinaryItems": "0", "nonRecurring": "0", "otherItems": "0", "incomeTaxExpense": "86000", "totalOtherIncomeExpense": "0", "discontinuedOperations": "0", "netIncomeFromContinuingOperations": "9303000", "netIncomeApplicableToCommonShares": "9303000", "preferredStockAndOtherAdjustments": "None"}, {"fiscalDateEnding": "2018-03-31", "reportedCurrency": "USD", "totalRevenue": "13137000", "totalOperatingExpense": "3738000", "costOfRevenue": "3738000", "grossProfit": "13137000", "ebit": "-3738000", "netIncome": "9318000", "researchAndDevelopment": "0", "effectOfAccountingCharges": "0", "incomeBeforeTax": "9399000", "minorityInterest": "0", "sellingGeneralAdministrative": "3738000", "otherNonOperatingIncome": "None", "operatingIncome": "-3738000", "otherOperatingExpense": "0", "interestExpense": "-13137000", "taxProvision": "None", "interestIncome": "None", "netInterestIncome": "None", "extraordinaryItems": "0", "nonRecurring": "0", "otherItems": "0", "incomeTaxExpense": "81000", "totalOtherIncomeExpense": "0", "discontinuedOperations": "0", "netIncomeFromContinuingOperations": "9318000", "netIncomeApplicableToCommonShares": "9318000", "preferredStockAndOtherAdjustments": "None"}, {"fiscalDateEnding": "2017-12-31", "reportedCurrency": "USD", "totalRevenue": "25220000", "totalOperatingExpense": "3892000", "costOfRevenue": "3892000", "grossProfit": "46348000", "ebit": "-4660000", "netIncome": "6183000", "researchAndDevelopment": "0", "effectOfAccountingCharges": "0", "incomeBeforeTax": "6212000", "minorityInterest": "25000", "sellingGeneralAdministrative": "3892000", "otherNonOperatingIncome": "-768000", "operatingIncome": "-3892000", "otherOperatingExpense": "0", "interestExpense": "-10872000", "taxProvision": "None", "interestIncome": "None", "netInterestIncome": "None", "extraordinaryItems": "0", "nonRecurring": "0", "otherItems": "0", "incomeTaxExpense": "29000", "totalOtherIncomeExpense": "-768000", "discontinuedOperations": "0", "netIncomeFromContinuingOperations": "6183000", "netIncomeApplicableToCommonShares": "6183000", "preferredStockAndOtherAdjustments": "None"}, {"fiscalDateEnding": "2017-09-30", "reportedCurrency": "USD", "totalRevenue": "28551000", "totalOperatingExpense": "3614000", "costOfRevenue": "3614000", "grossProfit": "0", "ebit": "-3614000", "netIncome": "11058000", "researchAndDevelopment": "0", "effectOfAccountingCharges": "0", "incomeBeforeTax": "11112000", "minorityInterest": "0", "sellingGeneralAdministrative": "3614000", "otherNonOperatingIncome": "None", "operatingIncome": "-3614000", "otherOperatingExpense": "0", "interestExpense": "-14726000", "taxProvision": "None", "interestIncome": "None", "netInterestIncome": "None", "extraordinaryItems": "0", "nonRecurring": "0", "otherItems": "0", "incomeTaxExpense": "54000", "totalOtherIncomeExpense": "0", "discontinuedOperations": "0", "netIncomeFromContinuingOperations": "11058000", "netIncomeApplicableToCommonShares": "11058000", "preferredStockAndOtherAdjustments": "None"}, {"fiscalDateEnding": "2017-06-30", "reportedCurrency": "USD", "totalRevenue": "22643000", "totalOperatingExpense": "3671000", "costOfRevenue": "3671000", "grossProfit": "0", "ebit": "-3671000", "netIncome": "6713000", "researchAndDevelopment": "0", "effectOfAccountingCharges": "0", "incomeBeforeTax": "6740000", "minorityInterest": "-25000", "sellingGeneralAdministrative": "3671000", "otherNonOperatingIncome": "None", "operatingIncome": "-3671000", "otherOperatingExpense": "0", "interestExpense": "-10411000", "taxProvision": "None", "interestIncome": "None", "netInterestIncome": "None", "extraordinaryItems": "0", "nonRecurring": "0", "otherItems": "0", "incomeTaxExpense": "27000", "totalOtherIncomeExpense": "0", "discontinuedOperations": "0", "netIncomeFromContinuingOperations": "6713000", "netIncomeApplicableToCommonShares": "6713000", "preferredStockAndOtherAdjustments": "None"}, {"fiscalDateEnding": "2017-03-31", "reportedCurrency": "USD", "totalRevenue": "21127000", "totalOperatingExpense": "3793000", "costOfRevenue": "3793000", "grossProfit": "0", "ebit": "-3793000", "netIncome": "6453000", "researchAndDevelopment": "0", "effectOfAccountingCharges": "0", "incomeBeforeTax": "6546000", "minorityInterest": "25000", "sellingGeneralAdministrative": "3793000", "otherNonOperatingIncome": "None", "operatingIncome": "-3793000", "otherOperatingExpense": "0", "interestExpense": "-10339000", "taxProvision": "None", "interestIncome": "None", "netInterestIncome": "None", "extraordinaryItems": "0", "nonRecurring": "0", "otherItems": "0", "incomeTaxExpense": "68000", "totalOtherIncomeExpense": "0", "discontinuedOperations": "0", "netIncomeFromContinuingOperations": "6478000", "netIncomeApplicableToCommonShares": "6453000", "preferredStockAndOtherAdjustments": "None"}, {"fiscalDateEnding": "2016-12-31", "reportedCurrency": "USD", "totalRevenue": "30101000", "totalOperatingExpense": "-2040000", "costOfRevenue": "3827000", "grossProfit": "30101000", "ebit": "32141000", "netIncome": "8065000", "researchAndDevelopment": "0", "effectOfAccountingCharges": "0", "incomeBeforeTax": "9869000", "minorityInterest": "656000", "sellingGeneralAdministrative": "-2040000", "otherNonOperatingIncome": "None", "operatingIncome": "32141000", "otherOperatingExpense": "0", "interestExpense": "10898000", "taxProvision": "None", "interestIncome": "None", "netInterestIncome": "None", "extraordinaryItems": "14417000", "nonRecurring": "0", "otherItems": "0", "incomeTaxExpense": "814000", "totalOtherIncomeExpense": "0", "discontinuedOperations": "-334000", "netIncomeFromContinuingOperations": "9055000", "netIncomeApplicableToCommonShares": "8065000", "preferredStockAndOtherAdjustments": "None"}, {"fiscalDateEnding": "2016-09-30", "reportedCurrency": "USD", "totalRevenue": "10196000", "totalOperatingExpense": "3918000", "costOfRevenue": "3918000", "grossProfit": "10196000", "ebit": "6278000", "netIncome": "18442000", "researchAndDevelopment": "0", "effectOfAccountingCharges": "0", "incomeBeforeTax": "7840000", "minorityInterest": "1299000", "sellingGeneralAdministrative": "3918000", "otherNonOperatingIncome": "None", "operatingIncome": "6278000", "otherOperatingExpense": "0", "interestExpense": "-11758000", "taxProvision": "None", "interestIncome": "None", "netInterestIncome": "None", "extraordinaryItems": "0", "nonRecurring": "0", "otherItems": "0", "incomeTaxExpense": "161000", "totalOtherIncomeExpense": "0", "discontinuedOperations": "1866000", "netIncomeFromContinuingOperations": "7679000", "netIncomeApplicableToCommonShares": "18442000", "preferredStockAndOtherAdjustments": "None"}, {"fiscalDateEnding": "2016-06-30", "reportedCurrency": "USD", "totalRevenue": "18929000", "totalOperatingExpense": "3219000", "costOfRevenue": "3219000", "grossProfit": "0", "ebit": "-3219000", "netIncome": "9981000", "researchAndDevelopment": "0", "effectOfAccountingCharges": "0", "incomeBeforeTax": "7295000", "minorityInterest": "1288000", "sellingGeneralAdministrative": "3219000", "otherNonOperatingIncome": "None", "operatingIncome": "-3219000", "otherOperatingExpense": "0", "interestExpense": "-10514000", "taxProvision": "None", "interestIncome": "None", "netInterestIncome": "None", "extraordinaryItems": "0", "nonRecurring": "0", "otherItems": "0", "incomeTaxExpense": "3000", "totalOtherIncomeExpense": "0", "discontinuedOperations": "2689000", "netIncomeFromContinuingOperations": "7292000", "netIncomeApplicableToCommonShares": "8693000", "preferredStockAndOtherAdjustments": "None"}, {"fiscalDateEnding": "2016-03-31", "reportedCurrency": "USD", "totalRevenue": "15006000", "totalOperatingExpense": "9329000", "costOfRevenue": "3462000", "grossProfit": "15006000", "ebit": "5677000", "netIncome": "6425000", "researchAndDevelopment": "0", "effectOfAccountingCharges": "0", "incomeBeforeTax": "5677000", "minorityInterest": "1289000", "sellingGeneralAdministrative": "9329000", "otherNonOperatingIncome": "None", "operatingIncome": "5677000", "otherOperatingExpense": "0", "interestExpense": "8525000", "taxProvision": "None", "interestIncome": "None", "netInterestIncome": "None", "extraordinaryItems": "0", "nonRecurring": "0", "otherItems": "0", "incomeTaxExpense": "-748000", "totalOtherIncomeExpense": "0", "discontinuedOperations": "0", "netIncomeFromContinuingOperations": "6425000", "netIncomeApplicableToCommonShares": "5470000", "preferredStockAndOtherAdjustments": "None"}, {"fiscalDateEnding": "2015-12-31", "reportedCurrency": "USD", "totalRevenue": "21206000", "totalOperatingExpense": "9293000", "costOfRevenue": "3361000", "grossProfit": "20924000", "ebit": "11631000", "netIncome": "11052000", "researchAndDevelopment": "0", "effectOfAccountingCharges": "0", "incomeBeforeTax": "11631000", "minorityInterest": "2175000", "sellingGeneralAdministrative": "9293000", "otherNonOperatingIncome": "None", "operatingIncome": "11631000", "otherOperatingExpense": "0", "interestExpense": "8756000", "taxProvision": "None", "interestIncome": "None", "netInterestIncome": "None", "extraordinaryItems": "0", "nonRecurring": "0", "otherItems": "0", "incomeTaxExpense": "579000", "totalOtherIncomeExpense": "0", "discontinuedOperations": "6985000", "netIncomeFromContinuingOperations": "11052000", "netIncomeApplicableToCommonShares": "8877000", "preferredStockAndOtherAdjustments": "None"}, {"fiscalDateEnding": "2015-09-30", "reportedCurrency": "USD", "totalRevenue": "23916000", "totalOperatingExpense": "10975000", "costOfRevenue": "3506000", "grossProfit": "23916000", "ebit": "12941000", "netIncome": "11710000", "researchAndDevelopment": "0", "effectOfAccountingCharges": "0", "incomeBeforeTax": "12941000", "minorityInterest": "2331000", "sellingGeneralAdministrative": "10975000", "otherNonOperatingIncome": "None", "operatingIncome": "12941000", "otherOperatingExpense": "0", "interestExpense": "8707000", "taxProvision": "None", "interestIncome": "None", "netInterestIncome": "None", "extraordinaryItems": "0", "nonRecurring": "0", "otherItems": "0", "incomeTaxExpense": "1231000", "totalOtherIncomeExpense": "0", "discontinuedOperations": "0", "netIncomeFromContinuingOperations": "11710000", "netIncomeApplicableToCommonShares": "9379000", "preferredStockAndOtherAdjustments": "None"}, {"fiscalDateEnding": "2015-06-30", "reportedCurrency": "USD", "totalRevenue": "21012000", "totalOperatingExpense": "10108000", "costOfRevenue": "3226000", "grossProfit": "22131000", "ebit": "12023000", "netIncome": "11263000", "researchAndDevelopment": "0", "effectOfAccountingCharges": "0", "incomeBeforeTax": "12023000", "minorityInterest": "2296000", "sellingGeneralAdministrative": "10108000", "otherNonOperatingIncome": "None", "operatingIncome": "12023000", "otherOperatingExpense": "0", "interestExpense": "8701000", "taxProvision": "None", "interestIncome": "None", "netInterestIncome": "None", "extraordinaryItems": "0", "nonRecurring": "0", "otherItems": "0", "incomeTaxExpense": "760000", "totalOtherIncomeExpense": "0", "discontinuedOperations": "0", "netIncomeFromContinuingOperations": "11263000", "netIncomeApplicableToCommonShares": "8967000", "preferredStockAndOtherAdjustments": "None"}]}