{"symbol": "ACRS", "annualReports": [{"fiscalDateEnding": "2019-12-31", "reportedCurrency": "USD", "totalRevenue": "4227000", "totalOperatingExpense": "96781000", "costOfRevenue": "4055000", "grossProfit": "172000", "ebit": "-86145000", "netIncome": "-161354000", "researchAndDevelopment": "64899000", "effectOfAccountingCharges": "None", "incomeBeforeTax": "-113542000", "minorityInterest": "None", "sellingGeneralAdministrative": "27827000", "otherNonOperatingIncome": "None", "operatingIncome": "-92554000", "otherOperatingExpense": "None", "interestExpense": "None", "taxProvision": "0", "interestIncome": "None", "netInterestIncome": "None", "extraordinaryItems": "-47812000", "nonRecurring": "None", "otherItems": "None", "incomeTaxExpense": "None", "totalOtherIncomeExpense": "-20988000", "discontinuedOperations": "-47812000", "netIncomeFromContinuingOperations": "-113542000", "netIncomeApplicableToCommonShares": "-161354000", "preferredStockAndOtherAdjustments": "None"}, {"fiscalDateEnding": "2018-12-31", "reportedCurrency": "USD", "totalRevenue": "10091000", "totalOperatingExpense": "144005000", "costOfRevenue": "6850000", "grossProfit": "3241000", "ebit": "-132035000", "netIncome": "-132738000", "researchAndDevelopment": "63009000", "effectOfAccountingCharges": "None", "incomeBeforeTax": "-132738000", "minorityInterest": "None", "sellingGeneralAdministrative": "74146000", "otherNonOperatingIncome": "None", "operatingIncome": "-133914000", "otherOperatingExpense": "None", "interestExpense": "0", "taxProvision": "0", "interestIncome": "None", "netInterestIncome": "None", "extraordinaryItems": "-50634000", "nonRecurring": "None", "otherItems": "None", "incomeTaxExpense": "0", "totalOtherIncomeExpense": "1176000", "discontinuedOperations": "-50634000", "netIncomeFromContinuingOperations": "-132738000", "netIncomeApplicableToCommonShares": "-132738000", "preferredStockAndOtherAdjustments": "None"}, {"fiscalDateEnding": "2017-12-31", "reportedCurrency": "USD", "totalRevenue": "1683000", "totalOperatingExpense": "74106000", "costOfRevenue": "1207000", "grossProfit": "476000", "ebit": "-72021000", "netIncome": "-68523000", "researchAndDevelopment": "39790000", "effectOfAccountingCharges": "None", "incomeBeforeTax": "-70353000", "minorityInterest": "None", "sellingGeneralAdministrative": "33109000", "otherNonOperatingIncome": "None", "operatingIncome": "-72423000", "otherOperatingExpense": "None", "interestExpense": "0", "taxProvision": "-1830000", "interestIncome": "None", "netInterestIncome": "None", "extraordinaryItems": "1837000", "nonRecurring": "None", "otherItems": "None", "incomeTaxExpense": "-1830000", "totalOtherIncomeExpense": "2070000", "discontinuedOperations": "-18062000", "netIncomeFromContinuingOperations": "-68523000", "netIncomeApplicableToCommonShares": "-68523000", "preferredStockAndOtherAdjustments": "None"}, {"fiscalDateEnding": "2016-12-31", "reportedCurrency": "USD", "totalRevenue": "0", "totalOperatingExpense": "48567000", "costOfRevenue": "0", "grossProfit": "0", "ebit": "-48447000", "netIncome": "-48079000", "researchAndDevelopment": "33476000", "effectOfAccountingCharges": "None", "incomeBeforeTax": "-48079000", "minorityInterest": "None", "sellingGeneralAdministrative": "15091000", "otherNonOperatingIncome": "None", "operatingIncome": "-48567000", "otherOperatingExpense": "None", "interestExpense": "0", "taxProvision": "None", "interestIncome": "None", "netInterestIncome": "None", "extraordinaryItems": "None", "nonRecurring": "None", "otherItems": "None", "incomeTaxExpense": "0", "totalOtherIncomeExpense": "488000", "discontinuedOperations": "-18062000", "netIncomeFromContinuingOperations": "-48079000", "netIncomeApplicableToCommonShares": "-48079000", "preferredStockAndOtherAdjustments": "None"}, {"fiscalDateEnding": "2015-12-31", "reportedCurrency": "USD", "totalRevenue": "0", "totalOperatingExpense": "20378000", "costOfRevenue": "0", "grossProfit": "0", "ebit": "-20378000", "netIncome": "-20563000", "researchAndDevelopment": "15050000", "effectOfAccountingCharges": "None", "incomeBeforeTax": "-20563000", "minorityInterest": "None", "sellingGeneralAdministrative": "5328000", "otherNonOperatingIncome": "None", "operatingIncome": "-20667000", "otherOperatingExpense": "None", "interestExpense": "0", "taxProvision": "None", "interestIncome": "104000", "netInterestIncome": "None", "extraordinaryItems": "None", "nonRecurring": "None", "otherItems": "None", "incomeTaxExpense": "0", "totalOtherIncomeExpense": "-185000", "discontinuedOperations": "None", "netIncomeFromContinuingOperations": "-20563000", "netIncomeApplicableToCommonShares": "-23129000", "preferredStockAndOtherAdjustments": "None"}], "quarterlyReports": [{"fiscalDateEnding": "2020-06-30", "reportedCurrency": "USD", "totalRevenue": "2046000", "totalOperatingExpense": "13427000", "costOfRevenue": "1389000", "grossProfit": "657000", "ebit": "-10775000", "netIncome": "-11597000", "researchAndDevelopment": "6466000", "effectOfAccountingCharges": "None", "incomeBeforeTax": "-11570000", "minorityInterest": "None", "sellingGeneralAdministrative": "5572000", "otherNonOperatingIncome": "None", "operatingIncome": "-11381000", "otherOperatingExpense": "None", "interestExpense": "None", "taxProvision": "None", "interestIncome": "None", "netInterestIncome": "None", "extraordinaryItems": "None", "nonRecurring": "None", "otherItems": "None", "incomeTaxExpense": "None", "totalOtherIncomeExpense": "-189000", "discontinuedOperations": "-27000", "netIncomeFromContinuingOperations": "-11570000", "netIncomeApplicableToCommonShares": "-11597000", "preferredStockAndOtherAdjustments": "None"}, {"fiscalDateEnding": "2020-03-31", "reportedCurrency": "USD", "totalRevenue": "1407000", "totalOperatingExpense": "16913000", "costOfRevenue": "1269000", "grossProfit": "138000", "ebit": "-14930000", "netIncome": "-15586000", "researchAndDevelopment": "9444000", "effectOfAccountingCharges": "None", "incomeBeforeTax": "-15328000", "minorityInterest": "None", "sellingGeneralAdministrative": "6200000", "otherNonOperatingIncome": "None", "operatingIncome": "-15506000", "otherOperatingExpense": "None", "interestExpense": "None", "taxProvision": "None", "interestIncome": "None", "netInterestIncome": "None", "extraordinaryItems": "-258000", "nonRecurring": "None", "otherItems": "None", "incomeTaxExpense": "None", "totalOtherIncomeExpense": "178000", "discontinuedOperations": "-258000", "netIncomeFromContinuingOperations": "-15328000", "netIncomeApplicableToCommonShares": "-15586000", "preferredStockAndOtherAdjustments": "None"}, {"fiscalDateEnding": "2019-12-31", "reportedCurrency": "USD", "totalRevenue": "1095000", "totalOperatingExpense": "19200000", "costOfRevenue": "1027000", "grossProfit": "68000", "ebit": "-17785000", "netIncome": "-18594000", "researchAndDevelopment": "11565000", "effectOfAccountingCharges": "None", "incomeBeforeTax": "-19448000", "minorityInterest": "None", "sellingGeneralAdministrative": "6608000", "otherNonOperatingIncome": "None", "operatingIncome": "-18105000", "otherOperatingExpense": "None", "interestExpense": "None", "taxProvision": "None", "interestIncome": "None", "netInterestIncome": "None", "extraordinaryItems": "854000", "nonRecurring": "None", "otherItems": "None", "incomeTaxExpense": "None", "totalOtherIncomeExpense": "-1343000", "discontinuedOperations": "854000", "netIncomeFromContinuingOperations": "-19448000", "netIncomeApplicableToCommonShares": "-18594000", "preferredStockAndOtherAdjustments": "None"}, {"fiscalDateEnding": "2019-09-30", "reportedCurrency": "USD", "totalRevenue": "983000", "totalOperatingExpense": "23295000", "costOfRevenue": "826000", "grossProfit": "157000", "ebit": "-20680000", "netIncome": "-55319000", "researchAndDevelopment": "16183000", "effectOfAccountingCharges": "None", "incomeBeforeTax": "-23138000", "minorityInterest": "None", "sellingGeneralAdministrative": "6286000", "otherNonOperatingIncome": "None", "operatingIncome": "-22312000", "otherOperatingExpense": "None", "interestExpense": "None", "taxProvision": "None", "interestIncome": "None", "netInterestIncome": "None", "extraordinaryItems": "-32181000", "nonRecurring": "None", "otherItems": "None", "incomeTaxExpense": "None", "totalOtherIncomeExpense": "-826000", "discontinuedOperations": "-32181000", "netIncomeFromContinuingOperations": "-23138000", "netIncomeApplicableToCommonShares": "-55319000", "preferredStockAndOtherAdjustments": "None"}, {"fiscalDateEnding": "2019-06-30", "reportedCurrency": "USD", "totalRevenue": "5865000", "totalOperatingExpense": "37152000", "costOfRevenue": "2703000", "grossProfit": "3162000", "ebit": "-29056000", "netIncome": "-49876000", "researchAndDevelopment": "17622000", "effectOfAccountingCharges": "None", "incomeBeforeTax": "-49876000", "minorityInterest": "None", "sellingGeneralAdministrative": "15167000", "otherNonOperatingIncome": "None", "operatingIncome": "-31287000", "otherOperatingExpense": "None", "interestExpense": "None", "taxProvision": "None", "interestIncome": "None", "netInterestIncome": "None", "extraordinaryItems": "-16485000", "nonRecurring": "None", "otherItems": "None", "incomeTaxExpense": "None", "totalOtherIncomeExpense": "-18589000", "discontinuedOperations": "-32181000", "netIncomeFromContinuingOperations": "-49876000", "netIncomeApplicableToCommonShares": "-49876000", "preferredStockAndOtherAdjustments": "None"}, {"fiscalDateEnding": "2019-03-31", "reportedCurrency": "USD", "totalRevenue": "1263000", "totalOperatingExpense": "42376000", "costOfRevenue": "1207000", "grossProfit": "56000", "ebit": "-35109000", "netIncome": "-37565000", "researchAndDevelopment": "19919000", "effectOfAccountingCharges": "None", "incomeBeforeTax": "-27281000", "minorityInterest": "None", "sellingGeneralAdministrative": "7464000", "otherNonOperatingIncome": "None", "operatingIncome": "-27051000", "otherOperatingExpense": "None", "interestExpense": "None", "taxProvision": "None", "interestIncome": "None", "netInterestIncome": "None", "extraordinaryItems": "-10284000", "nonRecurring": "None", "otherItems": "None", "incomeTaxExpense": "None", "totalOtherIncomeExpense": "-230000", "discontinuedOperations": "-32181000", "netIncomeFromContinuingOperations": "-37565000", "netIncomeApplicableToCommonShares": "-37565000", "preferredStockAndOtherAdjustments": "None"}, {"fiscalDateEnding": "2018-12-31", "reportedCurrency": "USD", "totalRevenue": "3669000", "totalOperatingExpense": "42301000", "costOfRevenue": "3509000", "grossProfit": "160000", "ebit": "-38632000", "netIncome": "-38551000", "researchAndDevelopment": "19131000", "effectOfAccountingCharges": "0", "incomeBeforeTax": "-38551000", "minorityInterest": "0", "sellingGeneralAdministrative": "19661000", "otherNonOperatingIncome": "None", "operatingIncome": "-38632000", "otherOperatingExpense": "0", "interestExpense": "0", "taxProvision": "None", "interestIncome": "None", "netInterestIncome": "None", "extraordinaryItems": "-14994000", "nonRecurring": "0", "otherItems": "0", "incomeTaxExpense": "0", "totalOtherIncomeExpense": "81000", "discontinuedOperations": "-32181000", "netIncomeFromContinuingOperations": "-38551000", "netIncomeApplicableToCommonShares": "-38551000", "preferredStockAndOtherAdjustments": "None"}, {"fiscalDateEnding": "2018-09-30", "reportedCurrency": "USD", "totalRevenue": "1628000", "totalOperatingExpense": "35078000", "costOfRevenue": "1193000", "grossProfit": "435000", "ebit": "-33450000", "netIncome": "-32740000", "researchAndDevelopment": "15931000", "effectOfAccountingCharges": "0", "incomeBeforeTax": "-32740000", "minorityInterest": "0", "sellingGeneralAdministrative": "17954000", "otherNonOperatingIncome": "None", "operatingIncome": "-33450000", "otherOperatingExpense": "0", "interestExpense": "0", "taxProvision": "None", "interestIncome": "None", "netInterestIncome": "None", "extraordinaryItems": "0", "nonRecurring": "0", "otherItems": "0", "incomeTaxExpense": "0", "totalOtherIncomeExpense": "710000", "discontinuedOperations": "0", "netIncomeFromContinuingOperations": "-32740000", "netIncomeApplicableToCommonShares": "-32740000", "preferredStockAndOtherAdjustments": "None"}, {"fiscalDateEnding": "2018-06-30", "reportedCurrency": "USD", "totalRevenue": "3676000", "totalOperatingExpense": "35654000", "costOfRevenue": "1181000", "grossProfit": "2495000", "ebit": "-31978000", "netIncome": "-31218000", "researchAndDevelopment": "13984000", "effectOfAccountingCharges": "0", "incomeBeforeTax": "-31218000", "minorityInterest": "0", "sellingGeneralAdministrative": "20489000", "otherNonOperatingIncome": "None", "operatingIncome": "-31978000", "otherOperatingExpense": "0", "interestExpense": "0", "taxProvision": "None", "interestIncome": "None", "netInterestIncome": "None", "extraordinaryItems": "0", "nonRecurring": "0", "otherItems": "0", "incomeTaxExpense": "0", "totalOtherIncomeExpense": "760000", "discontinuedOperations": "0", "netIncomeFromContinuingOperations": "-31218000", "netIncomeApplicableToCommonShares": "-31218000", "preferredStockAndOtherAdjustments": "None"}, {"fiscalDateEnding": "2018-03-31", "reportedCurrency": "USD", "totalRevenue": "1118000", "totalOperatingExpense": "32066000", "costOfRevenue": "967000", "grossProfit": "151000", "ebit": "-30948000", "netIncome": "-30229000", "researchAndDevelopment": "13606000", "effectOfAccountingCharges": "0", "incomeBeforeTax": "-30229000", "minorityInterest": "0", "sellingGeneralAdministrative": "17493000", "otherNonOperatingIncome": "None", "operatingIncome": "-30948000", "otherOperatingExpense": "0", "interestExpense": "0", "taxProvision": "None", "interestIncome": "None", "netInterestIncome": "None", "extraordinaryItems": "0", "nonRecurring": "0", "otherItems": "0", "incomeTaxExpense": "0", "totalOtherIncomeExpense": "719000", "discontinuedOperations": "0", "netIncomeFromContinuingOperations": "-30229000", "netIncomeApplicableToCommonShares": "-30229000", "preferredStockAndOtherAdjustments": "None"}, {"fiscalDateEnding": "2017-12-31", "reportedCurrency": "USD", "totalRevenue": "999000", "totalOperatingExpense": "111740000", "costOfRevenue": "25760000", "grossProfit": "245000", "ebit": "-35387000", "netIncome": "-50331000", "researchAndDevelopment": "13189000", "effectOfAccountingCharges": "0", "incomeBeforeTax": "-70353000", "minorityInterest": "0", "sellingGeneralAdministrative": "32603000", "otherNonOperatingIncome": "None", "operatingIncome": "-53161000", "otherOperatingExpense": "0", "interestExpense": "0", "taxProvision": "None", "interestIncome": "None", "netInterestIncome": "None", "extraordinaryItems": "0", "nonRecurring": "0", "otherItems": "0", "incomeTaxExpense": "-1830000", "totalOtherIncomeExpense": "1564000", "discontinuedOperations": "0", "netIncomeFromContinuingOperations": "-34329000", "netIncomeApplicableToCommonShares": "-34329000", "preferredStockAndOtherAdjustments": "None"}, {"fiscalDateEnding": "2017-09-30", "reportedCurrency": "USD", "totalRevenue": "684000", "totalOperatingExpense": "-52435000", "costOfRevenue": "18924000", "grossProfit": "231000", "ebit": "-72471000", "netIncome": "-3354000", "researchAndDevelopment": "10864000", "effectOfAccountingCharges": "0", "incomeBeforeTax": "0", "minorityInterest": "0", "sellingGeneralAdministrative": "0", "otherNonOperatingIncome": "None", "operatingIncome": "-3461000", "otherOperatingExpense": "0", "interestExpense": "0", "taxProvision": "None", "interestIncome": "None", "netInterestIncome": "None", "extraordinaryItems": "0", "nonRecurring": "0", "otherItems": "0", "incomeTaxExpense": "0", "totalOtherIncomeExpense": "0", "discontinuedOperations": "0", "netIncomeFromContinuingOperations": "-69592000", "netIncomeApplicableToCommonShares": "-69592000", "preferredStockAndOtherAdjustments": "None"}, {"fiscalDateEnding": "2017-06-30", "reportedCurrency": "USD", "totalRevenue": "0", "totalOperatingExpense": "14295000", "costOfRevenue": "15040000", "grossProfit": "0", "ebit": "48500000", "netIncome": "-2279000", "researchAndDevelopment": "7965000", "effectOfAccountingCharges": "0", "incomeBeforeTax": "0", "minorityInterest": "0", "sellingGeneralAdministrative": "0", "otherNonOperatingIncome": "None", "operatingIncome": "-2365000", "otherOperatingExpense": "0", "interestExpense": "0", "taxProvision": "None", "interestIncome": "None", "netInterestIncome": "None", "extraordinaryItems": "0", "nonRecurring": "0", "otherItems": "0", "incomeTaxExpense": "0", "totalOtherIncomeExpense": "0", "discontinuedOperations": "0", "netIncomeFromContinuingOperations": "47957000", "netIncomeApplicableToCommonShares": "47957000", "preferredStockAndOtherAdjustments": "None"}, {"fiscalDateEnding": "2017-03-31", "reportedCurrency": "USD", "totalRevenue": "0", "totalOperatingExpense": "0", "costOfRevenue": "12880000", "grossProfit": "0", "ebit": "-12559000", "netIncome": "-12559000", "researchAndDevelopment": "7772000", "effectOfAccountingCharges": "0", "incomeBeforeTax": "0", "minorityInterest": "0", "sellingGeneralAdministrative": "0", "otherNonOperatingIncome": "None", "operatingIncome": "-12930000", "otherOperatingExpense": "0", "interestExpense": "0", "taxProvision": "None", "interestIncome": "None", "netInterestIncome": "None", "extraordinaryItems": "0", "nonRecurring": "0", "otherItems": "0", "incomeTaxExpense": "0", "totalOtherIncomeExpense": "0", "discontinuedOperations": "0", "netIncomeFromContinuingOperations": "-12559000", "netIncomeApplicableToCommonShares": "-12559000", "preferredStockAndOtherAdjustments": "None"}, {"fiscalDateEnding": "2016-12-31", "reportedCurrency": "USD", "totalRevenue": "0", "totalOperatingExpense": "44916000", "costOfRevenue": "0", "grossProfit": "0", "ebit": "-85706000", "netIncome": "-37385000", "researchAndDevelopment": "6943000", "effectOfAccountingCharges": "0", "incomeBeforeTax": "-48079000", "minorityInterest": "0", "sellingGeneralAdministrative": "11587000", "otherNonOperatingIncome": "None", "operatingIncome": "-34104000", "otherOperatingExpense": "0", "interestExpense": "0", "taxProvision": "None", "interestIncome": "None", "netInterestIncome": "None", "extraordinaryItems": "0", "nonRecurring": "0", "otherItems": "0", "incomeTaxExpense": "0", "totalOtherIncomeExpense": "-3281000", "discontinuedOperations": "0", "netIncomeFromContinuingOperations": "-88869000", "netIncomeApplicableToCommonShares": "-88869000", "preferredStockAndOtherAdjustments": "None"}, {"fiscalDateEnding": "2016-09-30", "reportedCurrency": "USD", "totalRevenue": "0", "totalOperatingExpense": "0", "costOfRevenue": "0", "grossProfit": "0", "ebit": "53661000", "netIncome": "2177000", "researchAndDevelopment": "7162000", "effectOfAccountingCharges": "0", "incomeBeforeTax": "0", "minorityInterest": "0", "sellingGeneralAdministrative": "10780000", "otherNonOperatingIncome": "None", "operatingIncome": "2177000", "otherOperatingExpense": "0", "interestExpense": "0", "taxProvision": "None", "interestIncome": "None", "netInterestIncome": "None", "extraordinaryItems": "0", "nonRecurring": "0", "otherItems": "0", "incomeTaxExpense": "0", "totalOtherIncomeExpense": "0", "discontinuedOperations": "0", "netIncomeFromContinuingOperations": "53661000", "netIncomeApplicableToCommonShares": "53661000", "preferredStockAndOtherAdjustments": "None"}, {"fiscalDateEnding": "2016-06-30", "reportedCurrency": "USD", "totalRevenue": "0", "totalOperatingExpense": "0", "costOfRevenue": "0", "grossProfit": "0", "ebit": "-12871000", "netIncome": "168000", "researchAndDevelopment": "9836000", "effectOfAccountingCharges": "0", "incomeBeforeTax": "0", "minorityInterest": "0", "sellingGeneralAdministrative": "12962000", "otherNonOperatingIncome": "None", "operatingIncome": "150000", "otherOperatingExpense": "0", "interestExpense": "0", "taxProvision": "None", "interestIncome": "None", "netInterestIncome": "None", "extraordinaryItems": "0", "nonRecurring": "0", "otherItems": "0", "incomeTaxExpense": "0", "totalOtherIncomeExpense": "18000", "discontinuedOperations": "0", "netIncomeFromContinuingOperations": "-12871000", "netIncomeApplicableToCommonShares": "-12871000", "preferredStockAndOtherAdjustments": "None"}, {"fiscalDateEnding": "2016-03-31", "reportedCurrency": "USD", "totalRevenue": "0", "totalOperatingExpense": "0", "costOfRevenue": "0", "grossProfit": "0", "ebit": "0", "netIncome": "-13039000", "researchAndDevelopment": "9535000", "effectOfAccountingCharges": "0", "incomeBeforeTax": "0", "minorityInterest": "0", "sellingGeneralAdministrative": "9318000", "otherNonOperatingIncome": "None", "operatingIncome": "-13139000", "otherOperatingExpense": "0", "interestExpense": "0", "taxProvision": "None", "interestIncome": "None", "netInterestIncome": "None", "extraordinaryItems": "0", "nonRecurring": "0", "otherItems": "0", "incomeTaxExpense": "0", "totalOtherIncomeExpense": "100000", "discontinuedOperations": "0", "netIncomeFromContinuingOperations": "0", "netIncomeApplicableToCommonShares": "0", "preferredStockAndOtherAdjustments": "None"}, {"fiscalDateEnding": "2015-12-31", "reportedCurrency": "USD", "totalRevenue": "0", "totalOperatingExpense": "20378000", "costOfRevenue": "0", "grossProfit": "0", "ebit": "-20378000", "netIncome": "-20563000", "researchAndDevelopment": "2402000", "effectOfAccountingCharges": "0", "incomeBeforeTax": "-20563000", "minorityInterest": "0", "sellingGeneralAdministrative": "4769000", "otherNonOperatingIncome": "None", "operatingIncome": "-20378000", "otherOperatingExpense": "0", "interestExpense": "0", "taxProvision": "None", "interestIncome": "None", "netInterestIncome": "None", "extraordinaryItems": "0", "nonRecurring": "0", "otherItems": "0", "incomeTaxExpense": "0", "totalOtherIncomeExpense": "-185000", "discontinuedOperations": "0", "netIncomeFromContinuingOperations": "-20563000", "netIncomeApplicableToCommonShares": "-23129000", "preferredStockAndOtherAdjustments": "None"}, {"fiscalDateEnding": "2015-09-30", "reportedCurrency": "USD", "totalRevenue": "0", "totalOperatingExpense": "0", "costOfRevenue": "0", "grossProfit": "0", "ebit": "0", "netIncome": "0", "researchAndDevelopment": "9407000", "effectOfAccountingCharges": "0", "incomeBeforeTax": "0", "minorityInterest": "0", "sellingGeneralAdministrative": "10608000", "otherNonOperatingIncome": "None", "operatingIncome": "0", "otherOperatingExpense": "0", "interestExpense": "0", "taxProvision": "None", "interestIncome": "None", "netInterestIncome": "None", "extraordinaryItems": "0", "nonRecurring": "0", "otherItems": "0", "incomeTaxExpense": "0", "totalOtherIncomeExpense": "0", "discontinuedOperations": "0", "netIncomeFromContinuingOperations": "0", "netIncomeApplicableToCommonShares": "0", "preferredStockAndOtherAdjustments": "None"}, {"fiscalDateEnding": "2015-06-30", "reportedCurrency": "USD", "totalRevenue": "0", "totalOperatingExpense": "0", "costOfRevenue": "0", "grossProfit": "0", "ebit": "0", "netIncome": "0", "researchAndDevelopment": "1793000", "effectOfAccountingCharges": "0", "incomeBeforeTax": "0", "minorityInterest": "0", "sellingGeneralAdministrative": "2574000", "otherNonOperatingIncome": "None", "operatingIncome": "0", "otherOperatingExpense": "0", "interestExpense": "0", "taxProvision": "None", "interestIncome": "None", "netInterestIncome": "None", "extraordinaryItems": "0", "nonRecurring": "0", "otherItems": "0", "incomeTaxExpense": "0", "totalOtherIncomeExpense": "0", "discontinuedOperations": "0", "netIncomeFromContinuingOperations": "0", "netIncomeApplicableToCommonShares": "0", "preferredStockAndOtherAdjustments": "None"}]}