{"symbol": "ACRX", "annualReports": [{"fiscalDateEnding": "2019-12-31", "reportedCurrency": "USD", "totalRevenue": "2289000", "totalOperatingExpense": "47399000", "costOfRevenue": "6806000", "grossProfit": "-6806000", "ebit": "-50702000", "netIncome": "-53240000", "researchAndDevelopment": "4661000", "effectOfAccountingCharges": "None", "incomeBeforeTax": "-53237000", "minorityInterest": "None", "sellingGeneralAdministrative": "45027000", "otherNonOperatingIncome": "3503000", "operatingIncome": "-54205000", "otherOperatingExpense": "-2289000", "interestExpense": "2535000", "taxProvision": "3000", "interestIncome": "2166000", "netInterestIncome": "968000", "extraordinaryItems": "None", "nonRecurring": "None", "otherItems": "None", "incomeTaxExpense": "3000", "totalOtherIncomeExpense": "968000", "discontinuedOperations": "None", "netIncomeFromContinuingOperations": "-53240000", "netIncomeApplicableToCommonShares": "-53240000", "preferredStockAndOtherAdjustments": "None"}, {"fiscalDateEnding": "2018-12-31", "reportedCurrency": "USD", "totalRevenue": "2151000", "totalOperatingExpense": "37878000", "costOfRevenue": "3976000", "grossProfit": "2151000", "ebit": "-44930000", "netIncome": "-47149000", "researchAndDevelopment": "13137000", "effectOfAccountingCharges": "None", "incomeBeforeTax": "-47147000", "minorityInterest": "None", "sellingGeneralAdministrative": "20765000", "otherNonOperatingIncome": "-9203000", "operatingIncome": "-35727000", "otherOperatingExpense": "3976000", "interestExpense": "2217000", "taxProvision": "2000", "interestIncome": "1138000", "netInterestIncome": "-11420000", "extraordinaryItems": "None", "nonRecurring": "None", "otherItems": "None", "incomeTaxExpense": "2000", "totalOtherIncomeExpense": "-11420000", "discontinuedOperations": "None", "netIncomeFromContinuingOperations": "-47149000", "netIncomeApplicableToCommonShares": "-47149000", "preferredStockAndOtherAdjustments": "None"}, {"fiscalDateEnding": "2017-12-31", "reportedCurrency": "USD", "totalRevenue": "7995000", "totalOperatingExpense": "46677000", "costOfRevenue": "10659000", "grossProfit": "7995000", "ebit": "-48893000", "netIncome": "-51508000", "researchAndDevelopment": "19409000", "effectOfAccountingCharges": "None", "incomeBeforeTax": "-52209000", "minorityInterest": "None", "sellingGeneralAdministrative": "16609000", "otherNonOperatingIncome": "-10211000", "operatingIncome": "-38682000", "otherOperatingExpense": "10659000", "interestExpense": "3316000", "taxProvision": "-701000", "interestIncome": "510000", "netInterestIncome": "-13527000", "extraordinaryItems": "-34103000", "nonRecurring": "None", "otherItems": "None", "incomeTaxExpense": "-701000", "totalOtherIncomeExpense": "-13527000", "discontinuedOperations": "None", "netIncomeFromContinuingOperations": "-51508000", "netIncomeApplicableToCommonShares": "-51508000", "preferredStockAndOtherAdjustments": "None"}, {"fiscalDateEnding": "2016-12-31", "reportedCurrency": "USD", "totalRevenue": "17357000", "totalOperatingExpense": "49314000", "costOfRevenue": "12315000", "grossProfit": "17357000", "ebit": "-40421000", "netIncome": "-43157000", "researchAndDevelopment": "21402000", "effectOfAccountingCharges": "None", "incomeBeforeTax": "-43191000", "minorityInterest": "None", "sellingGeneralAdministrative": "15597000", "otherNonOperatingIncome": "-8464000", "operatingIncome": "-31957000", "otherOperatingExpense": "12315000", "interestExpense": "2770000", "taxProvision": "-34000", "interestIncome": "918000", "netInterestIncome": "-11234000", "extraordinaryItems": "None", "nonRecurring": "None", "otherItems": "None", "incomeTaxExpense": "-34000", "totalOtherIncomeExpense": "-11234000", "discontinuedOperations": "None", "netIncomeFromContinuingOperations": "-43157000", "netIncomeApplicableToCommonShares": "-43157000", "preferredStockAndOtherAdjustments": "None"}, {"fiscalDateEnding": "2015-12-31", "reportedCurrency": "USD", "totalRevenue": "19263000", "totalOperatingExpense": "39217000", "costOfRevenue": "1770000", "grossProfit": "19263000", "ebit": "-20662000", "netIncome": "-24399000", "researchAndDevelopment": "22488000", "effectOfAccountingCharges": "None", "incomeBeforeTax": "-23639000", "minorityInterest": "None", "sellingGeneralAdministrative": "14203000", "otherNonOperatingIncome": "-708000", "operatingIncome": "-19954000", "otherOperatingExpense": "1770000", "interestExpense": "2977000", "taxProvision": "760000", "interestIncome": "-1257000", "netInterestIncome": "None", "extraordinaryItems": "None", "nonRecurring": "756000", "otherItems": "None", "incomeTaxExpense": "760000", "totalOtherIncomeExpense": "-4441000", "discontinuedOperations": "None", "netIncomeFromContinuingOperations": "-24399000", "netIncomeApplicableToCommonShares": "-24399000", "preferredStockAndOtherAdjustments": "None"}], "quarterlyReports": [{"fiscalDateEnding": "2020-06-30", "reportedCurrency": "USD", "totalRevenue": "2924000", "totalOperatingExpense": "5464000", "costOfRevenue": "1370000", "grossProfit": "-1370000", "ebit": "-5730000", "netIncome": "-6606000", "researchAndDevelopment": "813000", "effectOfAccountingCharges": "None", "incomeBeforeTax": "-6602000", "minorityInterest": "None", "sellingGeneralAdministrative": "7575000", "otherNonOperatingIncome": "1104000", "operatingIncome": "-6834000", "otherOperatingExpense": "-2924000", "interestExpense": "872000", "taxProvision": "4000", "interestIncome": "270000", "netInterestIncome": "232000", "extraordinaryItems": "None", "nonRecurring": "None", "otherItems": "None", "incomeTaxExpense": "4000", "totalOtherIncomeExpense": "None", "discontinuedOperations": "None", "netIncomeFromContinuingOperations": "-6606000", "netIncomeApplicableToCommonShares": "-6606000", "preferredStockAndOtherAdjustments": "None"}, {"fiscalDateEnding": "2020-03-31", "reportedCurrency": "USD", "totalRevenue": "386000", "totalOperatingExpense": "14337000", "costOfRevenue": "1511000", "grossProfit": "-1511000", "ebit": "-15070000", "netIncome": "-15925000", "researchAndDevelopment": "1412000", "effectOfAccountingCharges": "None", "incomeBeforeTax": "-15925000", "minorityInterest": "None", "sellingGeneralAdministrative": "13311000", "otherNonOperatingIncome": "778000", "operatingIncome": "-15848000", "otherOperatingExpense": "-386000", "interestExpense": "855000", "taxProvision": "None", "interestIncome": "843000", "netInterestIncome": "-77000", "extraordinaryItems": "None", "nonRecurring": "None", "otherItems": "None", "incomeTaxExpense": "None", "totalOtherIncomeExpense": "None", "discontinuedOperations": "None", "netIncomeFromContinuingOperations": "-15925000", "netIncomeApplicableToCommonShares": "-15925000", "preferredStockAndOtherAdjustments": "None"}, {"fiscalDateEnding": "2019-12-31", "reportedCurrency": "USD", "totalRevenue": "475000", "totalOperatingExpense": "13374000", "costOfRevenue": "1618000", "grossProfit": "-1618000", "ebit": "-13592000", "netIncome": "-14423000", "researchAndDevelopment": "1063000", "effectOfAccountingCharges": "None", "incomeBeforeTax": "-14423000", "minorityInterest": "None", "sellingGeneralAdministrative": "12786000", "otherNonOperatingIncome": "1400000", "operatingIncome": "-14992000", "otherOperatingExpense": "-475000", "interestExpense": "831000", "taxProvision": "0", "interestIncome": "63000", "netInterestIncome": "569000", "extraordinaryItems": "None", "nonRecurring": "None", "otherItems": "None", "incomeTaxExpense": "None", "totalOtherIncomeExpense": "569000", "discontinuedOperations": "None", "netIncomeFromContinuingOperations": "-14423000", "netIncomeApplicableToCommonShares": "-14423000", "preferredStockAndOtherAdjustments": "None"}, {"fiscalDateEnding": "2019-09-30", "reportedCurrency": "USD", "totalRevenue": "608000", "totalOperatingExpense": "11386000", "costOfRevenue": "2148000", "grossProfit": "-2148000", "ebit": "-11903000", "netIncome": "-12731000", "researchAndDevelopment": "1058000", "effectOfAccountingCharges": "None", "incomeBeforeTax": "-12731000", "minorityInterest": "None", "sellingGeneralAdministrative": "10936000", "otherNonOperatingIncome": "1631000", "operatingIncome": "-13534000", "otherOperatingExpense": "-608000", "interestExpense": "828000", "taxProvision": "0", "interestIncome": "1631000", "netInterestIncome": "803000", "extraordinaryItems": "None", "nonRecurring": "None", "otherItems": "None", "incomeTaxExpense": "None", "totalOtherIncomeExpense": "803000", "discontinuedOperations": "None", "netIncomeFromContinuingOperations": "-12731000", "netIncomeApplicableToCommonShares": "-12731000", "preferredStockAndOtherAdjustments": "None"}, {"fiscalDateEnding": "2019-06-30", "reportedCurrency": "USD", "totalRevenue": "941000", "totalOperatingExpense": "14302000", "costOfRevenue": "1810000", "grossProfit": "-869000", "ebit": "-11503000", "netIncome": "-12412000", "researchAndDevelopment": "1163000", "effectOfAccountingCharges": "None", "incomeBeforeTax": "-12409000", "minorityInterest": "None", "sellingGeneralAdministrative": "11329000", "otherNonOperatingIncome": "1452000", "operatingIncome": "-13361000", "otherOperatingExpense": "-941000", "interestExpense": "500000", "taxProvision": "3000", "interestIncome": "1452000", "netInterestIncome": "952000", "extraordinaryItems": "None", "nonRecurring": "None", "otherItems": "None", "incomeTaxExpense": "3000", "totalOtherIncomeExpense": "952000", "discontinuedOperations": "None", "netIncomeFromContinuingOperations": "-12412000", "netIncomeApplicableToCommonShares": "-12412000", "preferredStockAndOtherAdjustments": "None"}, {"fiscalDateEnding": "2019-03-31", "reportedCurrency": "USD", "totalRevenue": "265000", "totalOperatingExpense": "11088000", "costOfRevenue": "1230000", "grossProfit": "-1230000", "ebit": "-13298000", "netIncome": "-13674000", "researchAndDevelopment": "1377000", "effectOfAccountingCharges": "None", "incomeBeforeTax": "-13674000", "minorityInterest": "None", "sellingGeneralAdministrative": "9976000", "otherNonOperatingIncome": "-980000", "operatingIncome": "-12318000", "otherOperatingExpense": "-265000", "interestExpense": "376000", "taxProvision": "None", "interestIncome": "251000", "netInterestIncome": "-1356000", "extraordinaryItems": "None", "nonRecurring": "None", "otherItems": "None", "incomeTaxExpense": "None", "totalOtherIncomeExpense": "-1356000", "discontinuedOperations": "None", "netIncomeFromContinuingOperations": "-13674000", "netIncomeApplicableToCommonShares": "-13674000", "preferredStockAndOtherAdjustments": "None"}, {"fiscalDateEnding": "2018-12-31", "reportedCurrency": "USD", "totalRevenue": "613000", "totalOperatingExpense": "11590000", "costOfRevenue": "3942000", "grossProfit": "613000", "ebit": "-12099000", "netIncome": "-12558000", "researchAndDevelopment": "2704000", "effectOfAccountingCharges": "0", "incomeBeforeTax": "-12558000", "minorityInterest": "0", "sellingGeneralAdministrative": "7648000", "otherNonOperatingIncome": "-1122000", "operatingIncome": "-10977000", "otherOperatingExpense": "1238000", "interestExpense": "459000", "taxProvision": "None", "interestIncome": "None", "netInterestIncome": "None", "extraordinaryItems": "0", "nonRecurring": "0", "otherItems": "0", "incomeTaxExpense": "2000", "totalOtherIncomeExpense": "-1581000", "discontinuedOperations": "0", "netIncomeFromContinuingOperations": "-12558000", "netIncomeApplicableToCommonShares": "-12558000", "preferredStockAndOtherAdjustments": "None"}, {"fiscalDateEnding": "2018-09-30", "reportedCurrency": "USD", "totalRevenue": "377000", "totalOperatingExpense": "9705000", "costOfRevenue": "4517000", "grossProfit": "377000", "ebit": "-11929000", "netIncome": "-12458000", "researchAndDevelopment": "3642000", "effectOfAccountingCharges": "0", "incomeBeforeTax": "-12458000", "minorityInterest": "0", "sellingGeneralAdministrative": "5188000", "otherNonOperatingIncome": "-2601000", "operatingIncome": "-9328000", "otherOperatingExpense": "875000", "interestExpense": "529000", "taxProvision": "None", "interestIncome": "None", "netInterestIncome": "None", "extraordinaryItems": "0", "nonRecurring": "0", "otherItems": "0", "incomeTaxExpense": "-2000", "totalOtherIncomeExpense": "-3130000", "discontinuedOperations": "0", "netIncomeFromContinuingOperations": "-12458000", "netIncomeApplicableToCommonShares": "-12458000", "preferredStockAndOtherAdjustments": "None"}, {"fiscalDateEnding": "2018-06-30", "reportedCurrency": "USD", "totalRevenue": "818000", "totalOperatingExpense": "7971000", "costOfRevenue": "4027000", "grossProfit": "818000", "ebit": "-9953000", "netIncome": "-10541000", "researchAndDevelopment": "3278000", "effectOfAccountingCharges": "0", "incomeBeforeTax": "-10539000", "minorityInterest": "0", "sellingGeneralAdministrative": "3944000", "otherNonOperatingIncome": "-2800000", "operatingIncome": "-7153000", "otherOperatingExpense": "749000", "interestExpense": "586000", "taxProvision": "None", "interestIncome": "None", "netInterestIncome": "None", "extraordinaryItems": "0", "nonRecurring": "0", "otherItems": "0", "incomeTaxExpense": "2000", "totalOtherIncomeExpense": "-3386000", "discontinuedOperations": "0", "netIncomeFromContinuingOperations": "-10541000", "netIncomeApplicableToCommonShares": "-10541000", "preferredStockAndOtherAdjustments": "None"}, {"fiscalDateEnding": "2018-03-31", "reportedCurrency": "USD", "totalRevenue": "343000", "totalOperatingExpense": "8612000", "costOfRevenue": "4627000", "grossProfit": "343000", "ebit": "-10949000", "netIncome": "-11592000", "researchAndDevelopment": "3513000", "effectOfAccountingCharges": "0", "incomeBeforeTax": "-11592000", "minorityInterest": "0", "sellingGeneralAdministrative": "3985000", "otherNonOperatingIncome": "-2680000", "operatingIncome": "-8269000", "otherOperatingExpense": "1114000", "interestExpense": "643000", "taxProvision": "None", "interestIncome": "None", "netInterestIncome": "None", "extraordinaryItems": "0", "nonRecurring": "0", "otherItems": "0", "incomeTaxExpense": "0", "totalOtherIncomeExpense": "-3323000", "discontinuedOperations": "0", "netIncomeFromContinuingOperations": "-11592000", "netIncomeApplicableToCommonShares": "-11592000", "preferredStockAndOtherAdjustments": "None"}, {"fiscalDateEnding": "2017-12-31", "reportedCurrency": "USD", "totalRevenue": "740000", "totalOperatingExpense": "8547000", "costOfRevenue": "8191000", "grossProfit": "740000", "ebit": "-9868000", "netIncome": "-9885000", "researchAndDevelopment": "3676000", "effectOfAccountingCharges": "0", "incomeBeforeTax": "-10588000", "minorityInterest": "0", "sellingGeneralAdministrative": "3909000", "otherNonOperatingIncome": "-2061000", "operatingIncome": "-7807000", "otherOperatingExpense": "962000", "interestExpense": "720000", "taxProvision": "None", "interestIncome": "None", "netInterestIncome": "None", "extraordinaryItems": "0", "nonRecurring": "0", "otherItems": "0", "incomeTaxExpense": "-703000", "totalOtherIncomeExpense": "-9375000", "discontinuedOperations": "0", "netIncomeFromContinuingOperations": "-9885000", "netIncomeApplicableToCommonShares": "-9885000", "preferredStockAndOtherAdjustments": "None"}, {"fiscalDateEnding": "2017-09-30", "reportedCurrency": "USD", "totalRevenue": "1487000", "totalOperatingExpense": "10348000", "costOfRevenue": "9908000", "grossProfit": "1487000", "ebit": "-12094000", "netIncome": "-13013000", "researchAndDevelopment": "3913000", "effectOfAccountingCharges": "0", "incomeBeforeTax": "-13013000", "minorityInterest": "0", "sellingGeneralAdministrative": "4406000", "otherNonOperatingIncome": "-3233000", "operatingIncome": "-8861000", "otherOperatingExpense": "2029000", "interestExpense": "919000", "taxProvision": "None", "interestIncome": "None", "netInterestIncome": "None", "extraordinaryItems": "0", "nonRecurring": "0", "otherItems": "0", "incomeTaxExpense": "-2000", "totalOtherIncomeExpense": "-1036000", "discontinuedOperations": "0", "netIncomeFromContinuingOperations": "-13013000", "netIncomeApplicableToCommonShares": "-13013000", "preferredStockAndOtherAdjustments": "None"}, {"fiscalDateEnding": "2017-06-30", "reportedCurrency": "USD", "totalRevenue": "2659000", "totalOperatingExpense": "12600000", "costOfRevenue": "12132000", "grossProfit": "2659000", "ebit": "-12154000", "netIncome": "-13059000", "researchAndDevelopment": "4901000", "effectOfAccountingCharges": "0", "incomeBeforeTax": "-13057000", "minorityInterest": "0", "sellingGeneralAdministrative": "4156000", "otherNonOperatingIncome": "-2213000", "operatingIncome": "-9941000", "otherOperatingExpense": "3543000", "interestExpense": "903000", "taxProvision": "None", "interestIncome": "None", "netInterestIncome": "None", "extraordinaryItems": "0", "nonRecurring": "0", "otherItems": "0", "incomeTaxExpense": "2000", "totalOtherIncomeExpense": "362000", "discontinuedOperations": "0", "netIncomeFromContinuingOperations": "-13059000", "netIncomeApplicableToCommonShares": "-13059000", "preferredStockAndOtherAdjustments": "None"}, {"fiscalDateEnding": "2017-03-31", "reportedCurrency": "USD", "totalRevenue": "3109000", "totalOperatingExpense": "15182000", "costOfRevenue": "14702000", "grossProfit": "3109000", "ebit": "-14777000", "netIncome": "-15551000", "researchAndDevelopment": "6919000", "effectOfAccountingCharges": "0", "incomeBeforeTax": "-15551000", "minorityInterest": "0", "sellingGeneralAdministrative": "4138000", "otherNonOperatingIncome": "-2704000", "operatingIncome": "-12073000", "otherOperatingExpense": "4125000", "interestExpense": "774000", "taxProvision": "None", "interestIncome": "None", "netInterestIncome": "None", "extraordinaryItems": "0", "nonRecurring": "0", "otherItems": "0", "incomeTaxExpense": "0", "totalOtherIncomeExpense": "-3478000", "discontinuedOperations": "0", "netIncomeFromContinuingOperations": "-15551000", "netIncomeApplicableToCommonShares": "-15551000", "preferredStockAndOtherAdjustments": "None"}, {"fiscalDateEnding": "2016-12-31", "reportedCurrency": "USD", "totalRevenue": "6435000", "totalOperatingExpense": "13573000", "costOfRevenue": "13066000", "grossProfit": "6435000", "ebit": "-8981000", "netIncome": "-9682000", "researchAndDevelopment": "6334000", "effectOfAccountingCharges": "0", "incomeBeforeTax": "-9682000", "minorityInterest": "0", "sellingGeneralAdministrative": "4078000", "otherNonOperatingIncome": "-1843000", "operatingIncome": "-7138000", "otherOperatingExpense": "3161000", "interestExpense": "701000", "taxProvision": "None", "interestIncome": "None", "netInterestIncome": "None", "extraordinaryItems": "0", "nonRecurring": "0", "otherItems": "0", "incomeTaxExpense": "2000", "totalOtherIncomeExpense": "-7771000", "discontinuedOperations": "0", "netIncomeFromContinuingOperations": "-9682000", "netIncomeApplicableToCommonShares": "-9682000", "preferredStockAndOtherAdjustments": "None"}, {"fiscalDateEnding": "2016-09-30", "reportedCurrency": "USD", "totalRevenue": "3366000", "totalOperatingExpense": "11341000", "costOfRevenue": "10825000", "grossProfit": "3366000", "ebit": "-8335000", "netIncome": "-11402000", "researchAndDevelopment": "4617000", "effectOfAccountingCharges": "0", "incomeBeforeTax": "-11438000", "minorityInterest": "0", "sellingGeneralAdministrative": "4145000", "otherNonOperatingIncome": "-360000", "operatingIncome": "-7975000", "otherOperatingExpense": "2579000", "interestExpense": "702000", "taxProvision": "None", "interestIncome": "None", "netInterestIncome": "None", "extraordinaryItems": "0", "nonRecurring": "0", "otherItems": "0", "incomeTaxExpense": "-36000", "totalOtherIncomeExpense": "1764000", "discontinuedOperations": "0", "netIncomeFromContinuingOperations": "-11402000", "netIncomeApplicableToCommonShares": "-11402000", "preferredStockAndOtherAdjustments": "None"}, {"fiscalDateEnding": "2016-06-30", "reportedCurrency": "USD", "totalRevenue": "4531000", "totalOperatingExpense": "12853000", "costOfRevenue": "12336000", "grossProfit": "4531000", "ebit": "-10405000", "netIncome": "-11092000", "researchAndDevelopment": "6280000", "effectOfAccountingCharges": "0", "incomeBeforeTax": "-11092000", "minorityInterest": "0", "sellingGeneralAdministrative": "3597000", "otherNonOperatingIncome": "-2083000", "operatingIncome": "-8322000", "otherOperatingExpense": "2976000", "interestExpense": "687000", "taxProvision": "None", "interestIncome": "None", "netInterestIncome": "None", "extraordinaryItems": "0", "nonRecurring": "0", "otherItems": "0", "incomeTaxExpense": "0", "totalOtherIncomeExpense": "-5227000", "discontinuedOperations": "0", "netIncomeFromContinuingOperations": "-11092000", "netIncomeApplicableToCommonShares": "-11092000", "preferredStockAndOtherAdjustments": "None"}, {"fiscalDateEnding": "2016-03-31", "reportedCurrency": "USD", "totalRevenue": "3025000", "totalOperatingExpense": "11547000", "costOfRevenue": "11035000", "grossProfit": "3025000", "ebit": "-10299000", "netIncome": "-10981000", "researchAndDevelopment": "4171000", "effectOfAccountingCharges": "0", "incomeBeforeTax": "-10979000", "minorityInterest": "0", "sellingGeneralAdministrative": "3777000", "otherNonOperatingIncome": "-1777000", "operatingIncome": "-8522000", "otherOperatingExpense": "3599000", "interestExpense": "680000", "taxProvision": "None", "interestIncome": "None", "netInterestIncome": "None", "extraordinaryItems": "0", "nonRecurring": "0", "otherItems": "0", "incomeTaxExpense": "2000", "totalOtherIncomeExpense": "0", "discontinuedOperations": "0", "netIncomeFromContinuingOperations": "-10981000", "netIncomeApplicableToCommonShares": "-10981000", "preferredStockAndOtherAdjustments": "None"}, {"fiscalDateEnding": "2015-12-31", "reportedCurrency": "USD", "totalRevenue": "1730000", "totalOperatingExpense": "9266000", "costOfRevenue": "8784000", "grossProfit": "1730000", "ebit": "-9877000", "netIncome": "-10546000", "researchAndDevelopment": "3479000", "effectOfAccountingCharges": "0", "incomeBeforeTax": "-9957000", "minorityInterest": "0", "sellingGeneralAdministrative": "4017000", "otherNonOperatingIncome": "-2341000", "operatingIncome": "-7536000", "otherOperatingExpense": "1770000", "interestExpense": "681000", "taxProvision": "None", "interestIncome": "None", "netInterestIncome": "None", "extraordinaryItems": "0", "nonRecurring": "756000", "otherItems": "0", "incomeTaxExpense": "-12000", "totalOtherIncomeExpense": "-4441000", "discontinuedOperations": "0", "netIncomeFromContinuingOperations": "-9945000", "netIncomeApplicableToCommonShares": "-10546000", "preferredStockAndOtherAdjustments": "None"}, {"fiscalDateEnding": "2015-09-30", "reportedCurrency": "USD", "totalRevenue": "15428000", "totalOperatingExpense": "8323000", "costOfRevenue": "7818000", "grossProfit": "15428000", "ebit": "6554000", "netIncome": "5069000", "researchAndDevelopment": "5393000", "effectOfAccountingCharges": "0", "incomeBeforeTax": "5841000", "minorityInterest": "0", "sellingGeneralAdministrative": "2930000", "otherNonOperatingIncome": "-551000", "operatingIncome": "7105000", "otherOperatingExpense": "0", "interestExpense": "713000", "taxProvision": "None", "interestIncome": "None", "netInterestIncome": "None", "extraordinaryItems": "0", "nonRecurring": "0", "otherItems": "0", "incomeTaxExpense": "772000", "totalOtherIncomeExpense": "0", "discontinuedOperations": "0", "netIncomeFromContinuingOperations": "5069000", "netIncomeApplicableToCommonShares": "5069000", "preferredStockAndOtherAdjustments": "None"}, {"fiscalDateEnding": "2015-06-30", "reportedCurrency": "USD", "totalRevenue": "1924000", "totalOperatingExpense": "10047000", "costOfRevenue": "9536000", "grossProfit": "1924000", "ebit": "-8119000", "netIncome": "-8896000", "researchAndDevelopment": "7310000", "effectOfAccountingCharges": "0", "incomeBeforeTax": "-8123000", "minorityInterest": "0", "sellingGeneralAdministrative": "2735000", "otherNonOperatingIncome": "4000", "operatingIncome": "-8123000", "otherOperatingExpense": "0", "interestExpense": "777000", "taxProvision": "None", "interestIncome": "None", "netInterestIncome": "None", "extraordinaryItems": "0", "nonRecurring": "2000", "otherItems": "0", "incomeTaxExpense": "0", "totalOtherIncomeExpense": "0", "discontinuedOperations": "0", "netIncomeFromContinuingOperations": "-8123000", "netIncomeApplicableToCommonShares": "-8896000", "preferredStockAndOtherAdjustments": "None"}]}