{"symbol": "ACTG", "annualReports": [{"fiscalDateEnding": "2019-12-31", "reportedCurrency": "USD", "totalRevenue": "11246000", "totalOperatingExpense": "16376000", "costOfRevenue": "18288000", "grossProfit": "-7042000", "ebit": "-12981000", "netIncome": "-17115000", "researchAndDevelopment": "None", "effectOfAccountingCharges": "None", "incomeBeforeTax": "-18953000", "minorityInterest": "-14000", "sellingGeneralAdministrative": "16376000", "otherNonOperatingIncome": "10437000", "operatingIncome": "-23418000", "otherOperatingExpense": "None", "interestExpense": "9230000", "taxProvision": "-1824000", "interestIncome": "5473000", "netInterestIncome": "5473000", "extraordinaryItems": "None", "nonRecurring": "None", "otherItems": "None", "incomeTaxExpense": "-1824000", "totalOtherIncomeExpense": "-1008000", "discontinuedOperations": "None", "netIncomeFromContinuingOperations": "-17129000", "netIncomeApplicableToCommonShares": "-17422000", "preferredStockAndOtherAdjustments": "None"}, {"fiscalDateEnding": "2018-12-31", "reportedCurrency": "USD", "totalRevenue": "131506000", "totalOperatingExpense": "156317000", "costOfRevenue": "106655000", "grossProfit": "131506000", "ebit": "-23842000", "netIncome": "-105029000", "researchAndDevelopment": "None", "effectOfAccountingCharges": "None", "incomeBeforeTax": "-103669000", "minorityInterest": "181000", "sellingGeneralAdministrative": "21452000", "otherNonOperatingIncome": "969000", "operatingIncome": "-24811000", "otherOperatingExpense": "31120000", "interestExpense": "None", "taxProvision": "1179000", "interestIncome": "969000", "netInterestIncome": "969000", "extraordinaryItems": "None", "nonRecurring": "103745000", "otherItems": "None", "incomeTaxExpense": "1179000", "totalOtherIncomeExpense": "-108037000", "discontinuedOperations": "None", "netIncomeFromContinuingOperations": "-104848000", "netIncomeApplicableToCommonShares": "-105029000", "preferredStockAndOtherAdjustments": "None"}, {"fiscalDateEnding": "2017-12-31", "reportedCurrency": "USD", "totalRevenue": "65402000", "totalOperatingExpense": "90426000", "costOfRevenue": "92674000", "grossProfit": "-27272000", "ebit": "-27492000", "netIncome": "22180000", "researchAndDevelopment": "1189000", "effectOfAccountingCharges": "None", "incomeBeforeTax": "24639000", "minorityInterest": "-496000", "sellingGeneralAdministrative": "27219000", "otherNonOperatingIncome": "-220000", "operatingIncome": "-27272000", "otherOperatingExpense": "2602000", "interestExpense": "0", "taxProvision": "2955000", "interestIncome": "4276000", "netInterestIncome": "4276000", "extraordinaryItems": "None", "nonRecurring": "42101000", "otherItems": "None", "incomeTaxExpense": "2955000", "totalOtherIncomeExpense": "45387000", "discontinuedOperations": "None", "netIncomeFromContinuingOperations": "21684000", "netIncomeApplicableToCommonShares": "22147000", "preferredStockAndOtherAdjustments": "None"}, {"fiscalDateEnding": "2016-12-31", "reportedCurrency": "USD", "totalRevenue": "152699000", "totalOperatingExpense": "147768000", "costOfRevenue": "190108000", "grossProfit": "-37409000", "ebit": "-36611000", "netIncome": "-54067000", "researchAndDevelopment": "3079000", "effectOfAccountingCharges": "None", "incomeBeforeTax": "-36611000", "minorityInterest": "-732000", "sellingGeneralAdministrative": "35998000", "otherNonOperatingIncome": "798000", "operatingIncome": "-37409000", "otherOperatingExpense": "2602000", "interestExpense": "0", "taxProvision": "18188000", "interestIncome": "None", "netInterestIncome": "None", "extraordinaryItems": "None", "nonRecurring": "119402000", "otherItems": "None", "incomeTaxExpense": "18188000", "totalOtherIncomeExpense": "-41542000", "discontinuedOperations": "None", "netIncomeFromContinuingOperations": "-54799000", "netIncomeApplicableToCommonShares": "-54067000", "preferredStockAndOtherAdjustments": "None"}, {"fiscalDateEnding": "2015-12-31", "reportedCurrency": "USD", "totalRevenue": "125037000", "totalOperatingExpense": "168638000", "costOfRevenue": "277659000", "grossProfit": "-152622000", "ebit": "-152678000", "netIncome": "-160036000", "researchAndDevelopment": "0", "effectOfAccountingCharges": "None", "incomeBeforeTax": "-152678000", "minorityInterest": "2558000", "sellingGeneralAdministrative": "54345000", "otherNonOperatingIncome": "-56000", "operatingIncome": "-152622000", "otherOperatingExpense": "2602000", "interestExpense": "0", "taxProvision": "4800000", "interestIncome": "None", "netInterestIncome": "None", "extraordinaryItems": "None", "nonRecurring": "178884000", "otherItems": "None", "incomeTaxExpense": "4800000", "totalOtherIncomeExpense": "-109077000", "discontinuedOperations": "None", "netIncomeFromContinuingOperations": "-157478000", "netIncomeApplicableToCommonShares": "-160730000", "preferredStockAndOtherAdjustments": "None"}], "quarterlyReports": [{"fiscalDateEnding": "2020-06-30", "reportedCurrency": "USD", "totalRevenue": "2118000", "totalOperatingExpense": "6748000", "costOfRevenue": "-3347000", "grossProfit": "5465000", "ebit": "6914000", "netIncome": "6148000", "researchAndDevelopment": "None", "effectOfAccountingCharges": "None", "incomeBeforeTax": "6146000", "minorityInterest": "1833000", "sellingGeneralAdministrative": "5519000", "otherNonOperatingIncome": "13662000", "operatingIncome": "-6748000", "otherOperatingExpense": "1229000", "interestExpense": "768000", "taxProvision": "-2000", "interestIncome": "266000", "netInterestIncome": "-502000", "extraordinaryItems": "None", "nonRecurring": "None", "otherItems": "None", "incomeTaxExpense": "-2000", "totalOtherIncomeExpense": "13396000", "discontinuedOperations": "None", "netIncomeFromContinuingOperations": "6148000", "netIncomeApplicableToCommonShares": "4201000", "preferredStockAndOtherAdjustments": "None"}, {"fiscalDateEnding": "2020-03-31", "reportedCurrency": "USD", "totalRevenue": "3815000", "totalOperatingExpense": "4878000", "costOfRevenue": "2506000", "grossProfit": "1309000", "ebit": "-9313000", "netIncome": "-11291000", "researchAndDevelopment": "None", "effectOfAccountingCharges": "None", "incomeBeforeTax": "-12629000", "minorityInterest": "1833000", "sellingGeneralAdministrative": "4878000", "otherNonOperatingIncome": "-5744000", "operatingIncome": "-3569000", "otherOperatingExpense": "None", "interestExpense": "3316000", "taxProvision": "-1338000", "interestIncome": "535000", "netInterestIncome": "535000", "extraordinaryItems": "None", "nonRecurring": "None", "otherItems": "None", "incomeTaxExpense": "-1338000", "totalOtherIncomeExpense": "-9595000", "discontinuedOperations": "None", "netIncomeFromContinuingOperations": "-11291000", "netIncomeApplicableToCommonShares": "-12185000", "preferredStockAndOtherAdjustments": "263000"}, {"fiscalDateEnding": "2019-12-31", "reportedCurrency": "USD", "totalRevenue": "688000", "totalOperatingExpense": "-2436000", "costOfRevenue": "10431000", "grossProfit": "-9743000", "ebit": "-3688000", "netIncome": "634000", "researchAndDevelopment": "None", "effectOfAccountingCharges": "None", "incomeBeforeTax": "-1513000", "minorityInterest": "1833000", "sellingGeneralAdministrative": "3551000", "otherNonOperatingIncome": "3619000", "operatingIncome": "-7307000", "otherOperatingExpense": "None", "interestExpense": "1083000", "taxProvision": "-2147000", "interestIncome": "2082000", "netInterestIncome": "2082000", "extraordinaryItems": "None", "nonRecurring": "None", "otherItems": "None", "incomeTaxExpense": "-2147000", "totalOtherIncomeExpense": "3712000", "discontinuedOperations": "None", "netIncomeFromContinuingOperations": "634000", "netIncomeApplicableToCommonShares": "327000", "preferredStockAndOtherAdjustments": "None"}, {"fiscalDateEnding": "2019-09-30", "reportedCurrency": "USD", "totalRevenue": "1711000", "totalOperatingExpense": "4670000", "costOfRevenue": "2186000", "grossProfit": "-475000", "ebit": "-6693000", "netIncome": "-7608000", "researchAndDevelopment": "None", "effectOfAccountingCharges": "None", "incomeBeforeTax": "-7608000", "minorityInterest": "1833000", "sellingGeneralAdministrative": "4670000", "otherNonOperatingIncome": "-1548000", "operatingIncome": "-5145000", "otherOperatingExpense": "None", "interestExpense": "915000", "taxProvision": "0", "interestIncome": "718000", "netInterestIncome": "718000", "extraordinaryItems": "None", "nonRecurring": "None", "otherItems": "None", "incomeTaxExpense": "None", "totalOtherIncomeExpense": "-3181000", "discontinuedOperations": "None", "netIncomeFromContinuingOperations": "-7608000", "netIncomeApplicableToCommonShares": "-7608000", "preferredStockAndOtherAdjustments": "None"}, {"fiscalDateEnding": "2019-06-30", "reportedCurrency": "USD", "totalRevenue": "5460000", "totalOperatingExpense": "3810000", "costOfRevenue": "5671000", "grossProfit": "-211000", "ebit": "-4106000", "netIncome": "-5757000", "researchAndDevelopment": "None", "effectOfAccountingCharges": "None", "incomeBeforeTax": "-5748000", "minorityInterest": "1833000", "sellingGeneralAdministrative": "3810000", "otherNonOperatingIncome": "-85000", "operatingIncome": "-4021000", "otherOperatingExpense": "None", "interestExpense": "1642000", "taxProvision": "9000", "interestIncome": "1130000", "netInterestIncome": "1130000", "extraordinaryItems": "None", "nonRecurring": "None", "otherItems": "None", "incomeTaxExpense": "9000", "totalOtherIncomeExpense": "-2857000", "discontinuedOperations": "None", "netIncomeFromContinuingOperations": "-5757000", "netIncomeApplicableToCommonShares": "-5757000", "preferredStockAndOtherAdjustments": "None"}, {"fiscalDateEnding": "2019-03-31", "reportedCurrency": "USD", "totalRevenue": "3387000", "totalOperatingExpense": "10332000", "costOfRevenue": "1353000", "grossProfit": "3387000", "ebit": "1506000", "netIncome": "-4384000", "researchAndDevelopment": "None", "effectOfAccountingCharges": "None", "incomeBeforeTax": "-4084000", "minorityInterest": "-14000", "sellingGeneralAdministrative": "4345000", "otherNonOperatingIncome": "8451000", "operatingIncome": "-6945000", "otherOperatingExpense": "656000", "interestExpense": "5590000", "taxProvision": "314000", "interestIncome": "2821000", "netInterestIncome": "1543000", "extraordinaryItems": "None", "nonRecurring": "5331000", "otherItems": "None", "incomeTaxExpense": "314000", "totalOtherIncomeExpense": "1318000", "discontinuedOperations": "None", "netIncomeFromContinuingOperations": "-4398000", "netIncomeApplicableToCommonShares": "-4384000", "preferredStockAndOtherAdjustments": "None"}, {"fiscalDateEnding": "2018-12-31", "reportedCurrency": "USD", "totalRevenue": "49203000", "totalOperatingExpense": "156317000", "costOfRevenue": "28120000", "grossProfit": "167335000", "ebit": "68857000", "netIncome": "-11369000", "researchAndDevelopment": "0", "effectOfAccountingCharges": "0", "incomeBeforeTax": "-10970000", "minorityInterest": "2000", "sellingGeneralAdministrative": "21452000", "otherNonOperatingIncome": "57839000", "operatingIncome": "11018000", "otherOperatingExpense": "31120000", "interestExpense": "0", "taxProvision": "397000", "interestIncome": "None", "netInterestIncome": "None", "extraordinaryItems": "0", "nonRecurring": "103745000", "otherItems": "0", "incomeTaxExpense": "397000", "totalOtherIncomeExpense": "-18786000", "discontinuedOperations": "0", "netIncomeFromContinuingOperations": "-11367000", "netIncomeApplicableToCommonShares": "-11369000", "preferredStockAndOtherAdjustments": "None"}, {"fiscalDateEnding": "2018-09-30", "reportedCurrency": "USD", "totalRevenue": "13725000", "totalOperatingExpense": "16486000", "costOfRevenue": "18688000", "grossProfit": "-4963000", "ebit": "-32558000", "netIncome": "-33195000", "researchAndDevelopment": "0", "effectOfAccountingCharges": "0", "incomeBeforeTax": "-32558000", "minorityInterest": "331000", "sellingGeneralAdministrative": "6173000", "otherNonOperatingIncome": "-27595000", "operatingIncome": "-4963000", "otherOperatingExpense": "400000", "interestExpense": "-5539000", "taxProvision": "None", "interestIncome": "None", "netInterestIncome": "None", "extraordinaryItems": "0", "nonRecurring": "0", "otherItems": "0", "incomeTaxExpense": "306000", "totalOtherIncomeExpense": "-29797000", "discontinuedOperations": "0", "netIncomeFromContinuingOperations": "-32864000", "netIncomeApplicableToCommonShares": "-33195000", "preferredStockAndOtherAdjustments": "None"}, {"fiscalDateEnding": "2018-06-30", "reportedCurrency": "USD", "totalRevenue": "6485000", "totalOperatingExpense": "17111000", "costOfRevenue": "46321000", "grossProfit": "-39836000", "ebit": "-28221000", "netIncome": "-28427000", "researchAndDevelopment": "0", "effectOfAccountingCharges": "0", "incomeBeforeTax": "-28221000", "minorityInterest": "-79000", "sellingGeneralAdministrative": "7425000", "otherNonOperatingIncome": "11615000", "operatingIncome": "-39836000", "otherOperatingExpense": "400000", "interestExpense": "0", "taxProvision": "None", "interestIncome": "None", "netInterestIncome": "None", "extraordinaryItems": "0", "nonRecurring": "-40248000", "otherItems": "0", "incomeTaxExpense": "285000", "totalOtherIncomeExpense": "-17595000", "discontinuedOperations": "0", "netIncomeFromContinuingOperations": "-28506000", "netIncomeApplicableToCommonShares": "-28427000", "preferredStockAndOtherAdjustments": "None"}, {"fiscalDateEnding": "2018-03-31", "reportedCurrency": "USD", "totalRevenue": "62093000", "totalOperatingExpense": "53123000", "costOfRevenue": "53123000", "grossProfit": "8970000", "ebit": "-31920000", "netIncome": "-32038000", "researchAndDevelopment": "0", "effectOfAccountingCharges": "0", "incomeBeforeTax": "-31920000", "minorityInterest": "-73000", "sellingGeneralAdministrative": "3545000", "otherNonOperatingIncome": "-40890000", "operatingIncome": "8970000", "otherOperatingExpense": "400000", "interestExpense": "0", "taxProvision": "None", "interestIncome": "None", "netInterestIncome": "None", "extraordinaryItems": "0", "nonRecurring": "40248000", "otherItems": "0", "incomeTaxExpense": "191000", "totalOtherIncomeExpense": "-40890000", "discontinuedOperations": "0", "netIncomeFromContinuingOperations": "-32111000", "netIncomeApplicableToCommonShares": "-32038000", "preferredStockAndOtherAdjustments": "None"}, {"fiscalDateEnding": "2017-12-31", "reportedCurrency": "USD", "totalRevenue": "3458000", "totalOperatingExpense": "-28221000", "costOfRevenue": "10788000", "grossProfit": "-7330000", "ebit": "-162411000", "netIncome": "-110203000", "researchAndDevelopment": "0", "effectOfAccountingCharges": "0", "incomeBeforeTax": "-110280000", "minorityInterest": "-97000", "sellingGeneralAdministrative": "27219000", "otherNonOperatingIncome": "-155081000", "operatingIncome": "-7330000", "otherOperatingExpense": "-30318000", "interestExpense": "0", "taxProvision": "None", "interestIncome": "None", "netInterestIncome": "None", "extraordinaryItems": "0", "nonRecurring": "5032000", "otherItems": "0", "incomeTaxExpense": "20000", "totalOtherIncomeExpense": "-110789000", "discontinuedOperations": "0", "netIncomeFromContinuingOperations": "-110300000", "netIncomeApplicableToCommonShares": "-110097000", "preferredStockAndOtherAdjustments": "None"}, {"fiscalDateEnding": "2017-09-30", "reportedCurrency": "USD", "totalRevenue": "36633000", "totalOperatingExpense": "194991000", "costOfRevenue": "37075000", "grossProfit": "-442000", "ebit": "158585000", "netIncome": "158465000", "researchAndDevelopment": "0", "effectOfAccountingCharges": "0", "incomeBeforeTax": "158585000", "minorityInterest": "-96000", "sellingGeneralAdministrative": "0", "otherNonOperatingIncome": "159027000", "operatingIncome": "-442000", "otherOperatingExpense": "54924000", "interestExpense": "0", "taxProvision": "None", "interestIncome": "None", "netInterestIncome": "None", "extraordinaryItems": "0", "nonRecurring": "63821000", "otherItems": "0", "incomeTaxExpense": "216000", "totalOtherIncomeExpense": "163889000", "discontinuedOperations": "0", "netIncomeFromContinuingOperations": "158369000", "netIncomeApplicableToCommonShares": "158326000", "preferredStockAndOtherAdjustments": "None"}, {"fiscalDateEnding": "2017-06-30", "reportedCurrency": "USD", "totalRevenue": "16457000", "totalOperatingExpense": "-98199000", "costOfRevenue": "24381000", "grossProfit": "-7924000", "ebit": "-12786000", "netIncome": "-14252000", "researchAndDevelopment": "0", "effectOfAccountingCharges": "0", "incomeBeforeTax": "-12786000", "minorityInterest": "-12000", "sellingGeneralAdministrative": "0", "otherNonOperatingIncome": "-4862000", "operatingIncome": "-7924000", "otherOperatingExpense": "-27519000", "interestExpense": "0", "taxProvision": "None", "interestIncome": "None", "netInterestIncome": "None", "extraordinaryItems": "0", "nonRecurring": "-34431000", "otherItems": "0", "incomeTaxExpense": "1478000", "totalOtherIncomeExpense": "-5558000", "discontinuedOperations": "0", "netIncomeFromContinuingOperations": "-14264000", "netIncomeApplicableToCommonShares": "-14252000", "preferredStockAndOtherAdjustments": "None"}, {"fiscalDateEnding": "2017-03-31", "reportedCurrency": "USD", "totalRevenue": "8854000", "totalOperatingExpense": "20430000", "costOfRevenue": "20430000", "grossProfit": "-11576000", "ebit": "-10880000", "netIncome": "-11830000", "researchAndDevelopment": "0", "effectOfAccountingCharges": "0", "incomeBeforeTax": "-10880000", "minorityInterest": "-291000", "sellingGeneralAdministrative": "0", "otherNonOperatingIncome": "696000", "operatingIncome": "-11576000", "otherOperatingExpense": "5515000", "interestExpense": "0", "taxProvision": "None", "interestIncome": "None", "netInterestIncome": "None", "extraordinaryItems": "0", "nonRecurring": "7679000", "otherItems": "0", "incomeTaxExpense": "1241000", "totalOtherIncomeExpense": "696000", "discontinuedOperations": "0", "netIncomeFromContinuingOperations": "-12121000", "netIncomeApplicableToCommonShares": "-11830000", "preferredStockAndOtherAdjustments": "None"}, {"fiscalDateEnding": "2016-12-31", "reportedCurrency": "USD", "totalRevenue": "21969000", "totalOperatingExpense": "480140000", "costOfRevenue": "31024000", "grossProfit": "-9055000", "ebit": "-8463000", "netIncome": "-10611000", "researchAndDevelopment": "0", "effectOfAccountingCharges": "0", "incomeBeforeTax": "-8463000", "minorityInterest": "-266000", "sellingGeneralAdministrative": "9613000", "otherNonOperatingIncome": "592000", "operatingIncome": "-9055000", "otherOperatingExpense": "49930000", "interestExpense": "0", "taxProvision": "None", "interestIncome": "None", "netInterestIncome": "None", "extraordinaryItems": "0", "nonRecurring": "376036000", "otherItems": "0", "incomeTaxExpense": "2414000", "totalOtherIncomeExpense": "-42528000", "discontinuedOperations": "0", "netIncomeFromContinuingOperations": "-10877000", "netIncomeApplicableToCommonShares": "-10572000", "preferredStockAndOtherAdjustments": "None"}, {"fiscalDateEnding": "2016-09-30", "reportedCurrency": "USD", "totalRevenue": "64658000", "totalOperatingExpense": "-409390000", "costOfRevenue": "48368000", "grossProfit": "16290000", "ebit": "16551000", "netIncome": "7082000", "researchAndDevelopment": "0", "effectOfAccountingCharges": "0", "incomeBeforeTax": "16551000", "minorityInterest": "-186000", "sellingGeneralAdministrative": "9000000", "otherNonOperatingIncome": "261000", "operatingIncome": "16290000", "otherOperatingExpense": "-58087000", "interestExpense": "0", "taxProvision": "None", "interestIncome": "None", "netInterestIncome": "None", "extraordinaryItems": "0", "nonRecurring": "-314541000", "otherItems": "0", "incomeTaxExpense": "9655000", "totalOtherIncomeExpense": "313000", "discontinuedOperations": "0", "netIncomeFromContinuingOperations": "6896000", "netIncomeApplicableToCommonShares": "7043000", "preferredStockAndOtherAdjustments": "None"}, {"fiscalDateEnding": "2016-06-30", "reportedCurrency": "USD", "totalRevenue": "41351000", "totalOperatingExpense": "76293000", "costOfRevenue": "76293000", "grossProfit": "-34942000", "ebit": "-34994000", "netIncome": "-40573000", "researchAndDevelopment": "0", "effectOfAccountingCharges": "0", "incomeBeforeTax": "-34994000", "minorityInterest": "-348000", "sellingGeneralAdministrative": "8869000", "otherNonOperatingIncome": "-52000", "operatingIncome": "-34942000", "otherOperatingExpense": "10759000", "interestExpense": "0", "taxProvision": "None", "interestIncome": "None", "netInterestIncome": "None", "extraordinaryItems": "0", "nonRecurring": "57907000", "otherItems": "0", "incomeTaxExpense": "5927000", "totalOtherIncomeExpense": "-49000", "discontinuedOperations": "0", "netIncomeFromContinuingOperations": "-40921000", "netIncomeApplicableToCommonShares": "-40573000", "preferredStockAndOtherAdjustments": "None"}, {"fiscalDateEnding": "2016-03-31", "reportedCurrency": "USD", "totalRevenue": "24721000", "totalOperatingExpense": "0", "costOfRevenue": "34423000", "grossProfit": "-9702000", "ebit": "-9705000", "netIncome": "-9965000", "researchAndDevelopment": "0", "effectOfAccountingCharges": "0", "incomeBeforeTax": "-9705000", "minorityInterest": "68000", "sellingGeneralAdministrative": "8516000", "otherNonOperatingIncome": "-3000", "operatingIncome": "-9702000", "otherOperatingExpense": "0", "interestExpense": "0", "taxProvision": "None", "interestIncome": "None", "netInterestIncome": "None", "extraordinaryItems": "0", "nonRecurring": "0", "otherItems": "0", "incomeTaxExpense": "192000", "totalOtherIncomeExpense": "-3000", "discontinuedOperations": "0", "netIncomeFromContinuingOperations": "-9897000", "netIncomeApplicableToCommonShares": "-9965000", "preferredStockAndOtherAdjustments": "None"}, {"fiscalDateEnding": "2015-12-31", "reportedCurrency": "USD", "totalRevenue": "37497000", "totalOperatingExpense": "168638000", "costOfRevenue": "150673000", "grossProfit": "-113176000", "ebit": "-113176000", "netIncome": "-115910000", "researchAndDevelopment": "0", "effectOfAccountingCharges": "0", "incomeBeforeTax": "-113176000", "minorityInterest": "-1440000", "sellingGeneralAdministrative": "9432000", "otherNonOperatingIncome": "None", "operatingIncome": "-113176000", "otherOperatingExpense": "2602000", "interestExpense": "0", "taxProvision": "None", "interestIncome": "None", "netInterestIncome": "None", "extraordinaryItems": "0", "nonRecurring": "178884000", "otherItems": "0", "incomeTaxExpense": "4174000", "totalOtherIncomeExpense": "-108897000", "discontinuedOperations": "0", "netIncomeFromContinuingOperations": "-117350000", "netIncomeApplicableToCommonShares": "-116039000", "preferredStockAndOtherAdjustments": "None"}, {"fiscalDateEnding": "2015-09-30", "reportedCurrency": "USD", "totalRevenue": "12994000", "totalOperatingExpense": "0", "costOfRevenue": "39830000", "grossProfit": "-26836000", "ebit": "-27016000", "netIncome": "-27310000", "researchAndDevelopment": "0", "effectOfAccountingCharges": "0", "incomeBeforeTax": "-27016000", "minorityInterest": "-43000", "sellingGeneralAdministrative": "10244000", "otherNonOperatingIncome": "-180000", "operatingIncome": "-26836000", "otherOperatingExpense": "0", "interestExpense": "0", "taxProvision": "None", "interestIncome": "None", "netInterestIncome": "None", "extraordinaryItems": "0", "nonRecurring": "0", "otherItems": "0", "incomeTaxExpense": "337000", "totalOtherIncomeExpense": "-76000", "discontinuedOperations": "0", "netIncomeFromContinuingOperations": "-27353000", "netIncomeApplicableToCommonShares": "-27450000", "preferredStockAndOtherAdjustments": "None"}, {"fiscalDateEnding": "2015-06-30", "reportedCurrency": "USD", "totalRevenue": "40336000", "totalOperatingExpense": "0", "costOfRevenue": "39336000", "grossProfit": "1000000", "ebit": "896000", "netIncome": "-3686000", "researchAndDevelopment": "0", "effectOfAccountingCharges": "0", "incomeBeforeTax": "896000", "minorityInterest": "4463000", "sellingGeneralAdministrative": "10319000", "otherNonOperatingIncome": "-104000", "operatingIncome": "1000000", "otherOperatingExpense": "0", "interestExpense": "0", "taxProvision": "None", "interestIncome": "None", "netInterestIncome": "None", "extraordinaryItems": "0", "nonRecurring": "0", "otherItems": "0", "incomeTaxExpense": "119000", "totalOtherIncomeExpense": "-332000", "discontinuedOperations": "0", "netIncomeFromContinuingOperations": "777000", "netIncomeApplicableToCommonShares": "-3896000", "preferredStockAndOtherAdjustments": "None"}]}