{"symbol": "ACU", "annualReports": [{"fiscalDateEnding": "2019-12-31", "reportedCurrency": "USD", "totalRevenue": "142457342", "totalOperatingExpense": "43571510", "costOfRevenue": "90456484", "grossProfit": "52000858", "ebit": "8331676", "netIncome": "5513608", "researchAndDevelopment": "596000", "effectOfAccountingCharges": "None", "incomeBeforeTax": "6543164", "minorityInterest": "None", "sellingGeneralAdministrative": "43571510", "otherNonOperatingIncome": "-97672", "operatingIncome": "8429348", "otherOperatingExpense": "None", "interestExpense": "1788512", "taxProvision": "1029556", "interestIncome": "39896", "netInterestIncome": "-1788512", "extraordinaryItems": "None", "nonRecurring": "None", "otherItems": "None", "incomeTaxExpense": "1029556", "totalOtherIncomeExpense": "-97672", "discontinuedOperations": "None", "netIncomeFromContinuingOperations": "5513608", "netIncomeApplicableToCommonShares": "5513608", "preferredStockAndOtherAdjustments": "None"}, {"fiscalDateEnding": "2018-12-31", "reportedCurrency": "USD", "totalRevenue": "137321395", "totalOperatingExpense": "43192076", "costOfRevenue": "86672413", "grossProfit": "50648982", "ebit": "7389448", "netIncome": "4598350", "researchAndDevelopment": "734000", "effectOfAccountingCharges": "None", "incomeBeforeTax": "5531224", "minorityInterest": "None", "sellingGeneralAdministrative": "43192076", "otherNonOperatingIncome": "-67458", "operatingIncome": "7456906", "otherOperatingExpense": "None", "interestExpense": "1858224", "taxProvision": "932874", "interestIncome": "32818", "netInterestIncome": "-1858224", "extraordinaryItems": "None", "nonRecurring": "None", "otherItems": "None", "incomeTaxExpense": "932874", "totalOtherIncomeExpense": "-67458", "discontinuedOperations": "None", "netIncomeFromContinuingOperations": "4598350", "netIncomeApplicableToCommonShares": "4598350", "preferredStockAndOtherAdjustments": "None"}, {"fiscalDateEnding": "2017-12-31", "reportedCurrency": "USD", "totalRevenue": "130550349", "totalOperatingExpense": "40103220", "costOfRevenue": "82651076", "grossProfit": "47899273", "ebit": "7820457", "netIncome": "4052479", "researchAndDevelopment": "734000", "effectOfAccountingCharges": "None", "incomeBeforeTax": "6493297", "minorityInterest": "None", "sellingGeneralAdministrative": "40103220", "otherNonOperatingIncome": "24404", "operatingIncome": "7796053", "otherOperatingExpense": "None", "interestExpense": "1327160", "taxProvision": "2440818", "interestIncome": "29376", "netInterestIncome": "-1327160", "extraordinaryItems": "-1245000", "nonRecurring": "None", "otherItems": "None", "incomeTaxExpense": "2440818", "totalOtherIncomeExpense": "24404", "discontinuedOperations": "None", "netIncomeFromContinuingOperations": "4052479", "netIncomeApplicableToCommonShares": "4052479", "preferredStockAndOtherAdjustments": "None"}, {"fiscalDateEnding": "2016-12-31", "reportedCurrency": "USD", "totalRevenue": "124574371", "totalOperatingExpense": "37113000", "costOfRevenue": "79019315", "grossProfit": "45555056", "ebit": "8365210", "netIncome": "5850998", "researchAndDevelopment": "734000", "effectOfAccountingCharges": "None", "incomeBeforeTax": "7496703", "minorityInterest": "None", "sellingGeneralAdministrative": "37113000", "otherNonOperatingIncome": "-76846", "operatingIncome": "8442056", "otherOperatingExpense": "None", "interestExpense": "868507", "taxProvision": "1645705", "interestIncome": "119", "netInterestIncome": "-868507", "extraordinaryItems": "None", "nonRecurring": "None", "otherItems": "None", "incomeTaxExpense": "1645705", "totalOtherIncomeExpense": "-76846", "discontinuedOperations": "None", "netIncomeFromContinuingOperations": "5850998", "netIncomeApplicableToCommonShares": "5850998", "preferredStockAndOtherAdjustments": "None"}, {"fiscalDateEnding": "2015-12-31", "reportedCurrency": "USD", "totalRevenue": "109811768", "totalOperatingExpense": "32214212", "costOfRevenue": "70250550", "grossProfit": "39561218", "ebit": "7179609", "netIncome": "4793525", "researchAndDevelopment": "690000", "effectOfAccountingCharges": "None", "incomeBeforeTax": "6614397", "minorityInterest": "None", "sellingGeneralAdministrative": "32214212", "otherNonOperatingIncome": "-167397", "operatingIncome": "7347006", "otherOperatingExpense": "None", "interestExpense": "565212", "taxProvision": "1820870", "interestIncome": "-565210", "netInterestIncome": "None", "extraordinaryItems": "None", "nonRecurring": "None", "otherItems": "None", "incomeTaxExpense": "1820872", "totalOtherIncomeExpense": "-732609", "discontinuedOperations": "None", "netIncomeFromContinuingOperations": "4793525", "netIncomeApplicableToCommonShares": "4793525", "preferredStockAndOtherAdjustments": "None"}], "quarterlyReports": [{"fiscalDateEnding": "2020-06-30", "reportedCurrency": "USD", "totalRevenue": "44042000", "totalOperatingExpense": "11670000", "costOfRevenue": "27989000", "grossProfit": "16053000", "ebit": "4384000", "netIncome": "3199000", "researchAndDevelopment": "None", "effectOfAccountingCharges": "None", "incomeBeforeTax": "4150000", "minorityInterest": "None", "sellingGeneralAdministrative": "11670000", "otherNonOperatingIncome": "1000", "operatingIncome": "4383000", "otherOperatingExpense": "None", "interestExpense": "234000", "taxProvision": "951000", "interestIncome": "11000", "netInterestIncome": "-234000", "extraordinaryItems": "None", "nonRecurring": "None", "otherItems": "None", "incomeTaxExpense": "951000", "totalOtherIncomeExpense": "1000", "discontinuedOperations": "None", "netIncomeFromContinuingOperations": "3199000", "netIncomeApplicableToCommonShares": "3199000", "preferredStockAndOtherAdjustments": "None"}, {"fiscalDateEnding": "2020-03-31", "reportedCurrency": "USD", "totalRevenue": "35775000", "totalOperatingExpense": "11521000", "costOfRevenue": "22244000", "grossProfit": "13531000", "ebit": "1967000", "netIncome": "1277000", "researchAndDevelopment": "None", "effectOfAccountingCharges": "None", "incomeBeforeTax": "1652000", "minorityInterest": "None", "sellingGeneralAdministrative": "11521000", "otherNonOperatingIncome": "-43000", "operatingIncome": "2010000", "otherOperatingExpense": "None", "interestExpense": "315000", "taxProvision": "375000", "interestIncome": "7000", "netInterestIncome": "-315000", "extraordinaryItems": "None", "nonRecurring": "None", "otherItems": "None", "incomeTaxExpense": "375000", "totalOtherIncomeExpense": "-43000", "discontinuedOperations": "None", "netIncomeFromContinuingOperations": "1277000", "netIncomeApplicableToCommonShares": "1277000", "preferredStockAndOtherAdjustments": "None"}, {"fiscalDateEnding": "2019-12-31", "reportedCurrency": "USD", "totalRevenue": "33872342", "totalOperatingExpense": "10892510", "costOfRevenue": "21578484", "grossProfit": "12293858", "ebit": "1355676", "netIncome": "976608", "researchAndDevelopment": "596000", "effectOfAccountingCharges": "None", "incomeBeforeTax": "1028164", "minorityInterest": "None", "sellingGeneralAdministrative": "10892510", "otherNonOperatingIncome": "-45672", "operatingIncome": "1401348", "otherOperatingExpense": "None", "interestExpense": "327512", "taxProvision": "52556", "interestIncome": "11896", "netInterestIncome": "-325512", "extraordinaryItems": "None", "nonRecurring": "None", "otherItems": "None", "incomeTaxExpense": "51556", "totalOtherIncomeExpense": "-45672", "discontinuedOperations": "None", "netIncomeFromContinuingOperations": "976608", "netIncomeApplicableToCommonShares": "976608", "preferredStockAndOtherAdjustments": "None"}, {"fiscalDateEnding": "2019-09-30", "reportedCurrency": "USD", "totalRevenue": "36995000", "totalOperatingExpense": "11408000", "costOfRevenue": "23861000", "grossProfit": "13134000", "ebit": "1686000", "netIncome": "1059000", "researchAndDevelopment": "596000", "effectOfAccountingCharges": "None", "incomeBeforeTax": "1217000", "minorityInterest": "None", "sellingGeneralAdministrative": "11408000", "otherNonOperatingIncome": "-40000", "operatingIncome": "1726000", "otherOperatingExpense": "None", "interestExpense": "469000", "taxProvision": "158000", "interestIncome": "9000", "netInterestIncome": "-469000", "extraordinaryItems": "None", "nonRecurring": "None", "otherItems": "None", "incomeTaxExpense": "158000", "totalOtherIncomeExpense": "-40000", "discontinuedOperations": "None", "netIncomeFromContinuingOperations": "1059000", "netIncomeApplicableToCommonShares": "1059000", "preferredStockAndOtherAdjustments": "None"}, {"fiscalDateEnding": "2019-06-30", "reportedCurrency": "USD", "totalRevenue": "40220000", "totalOperatingExpense": "11003000", "costOfRevenue": "25449000", "grossProfit": "14771000", "ebit": "3754000", "netIncome": "2671000", "researchAndDevelopment": "596000", "effectOfAccountingCharges": "None", "incomeBeforeTax": "3263000", "minorityInterest": "None", "sellingGeneralAdministrative": "11003000", "otherNonOperatingIncome": "-14000", "operatingIncome": "3768000", "otherOperatingExpense": "None", "interestExpense": "491000", "taxProvision": "592000", "interestIncome": "11000", "netInterestIncome": "-491000", "extraordinaryItems": "None", "nonRecurring": "None", "otherItems": "None", "incomeTaxExpense": "592000", "totalOtherIncomeExpense": "-14000", "discontinuedOperations": "None", "netIncomeFromContinuingOperations": "2671000", "netIncomeApplicableToCommonShares": "2671000", "preferredStockAndOtherAdjustments": "None"}, {"fiscalDateEnding": "2019-03-31", "reportedCurrency": "USD", "totalRevenue": "31370000", "totalOperatingExpense": "10268000", "costOfRevenue": "19568000", "grossProfit": "11802000", "ebit": "1536000", "netIncome": "807000", "researchAndDevelopment": "596000", "effectOfAccountingCharges": "None", "incomeBeforeTax": "1035000", "minorityInterest": "None", "sellingGeneralAdministrative": "10268000", "otherNonOperatingIncome": "2000", "operatingIncome": "1534000", "otherOperatingExpense": "None", "interestExpense": "501000", "taxProvision": "228000", "interestIncome": "9000", "netInterestIncome": "-501000", "extraordinaryItems": "None", "nonRecurring": "None", "otherItems": "None", "incomeTaxExpense": "228000", "totalOtherIncomeExpense": "2000", "discontinuedOperations": "None", "netIncomeFromContinuingOperations": "807000", "netIncomeApplicableToCommonShares": "807000", "preferredStockAndOtherAdjustments": "None"}, {"fiscalDateEnding": "2018-12-31", "reportedCurrency": "USD", "totalRevenue": "31130395", "totalOperatingExpense": "10269076", "costOfRevenue": "19767413", "grossProfit": "11362982", "ebit": "1110448", "netIncome": "591350", "researchAndDevelopment": "734000", "effectOfAccountingCharges": "0", "incomeBeforeTax": "598224", "minorityInterest": "0", "sellingGeneralAdministrative": "10269076", "otherNonOperatingIncome": "16542", "operatingIncome": "1093906", "otherOperatingExpense": "0", "interestExpense": "512224", "taxProvision": "6870", "interestIncome": "None", "netInterestIncome": "None", "extraordinaryItems": "0", "nonRecurring": "0", "otherItems": "0", "incomeTaxExpense": "6874", "totalOtherIncomeExpense": "-495682", "discontinuedOperations": "0", "netIncomeFromContinuingOperations": "591350", "netIncomeApplicableToCommonShares": "591350", "preferredStockAndOtherAdjustments": "None"}, {"fiscalDateEnding": "2018-09-30", "reportedCurrency": "USD", "totalRevenue": "34731000", "totalOperatingExpense": "11077000", "costOfRevenue": "22281000", "grossProfit": "12450000", "ebit": "1350000", "netIncome": "807000", "researchAndDevelopment": "0", "effectOfAccountingCharges": "0", "incomeBeforeTax": "854000", "minorityInterest": "0", "sellingGeneralAdministrative": "11077000", "otherNonOperatingIncome": "-23000", "operatingIncome": "1373000", "otherOperatingExpense": "0", "interestExpense": "496000", "taxProvision": "None", "interestIncome": "None", "netInterestIncome": "None", "extraordinaryItems": "0", "nonRecurring": "0", "otherItems": "0", "incomeTaxExpense": "47000", "totalOtherIncomeExpense": "-519000", "discontinuedOperations": "0", "netIncomeFromContinuingOperations": "807000", "netIncomeApplicableToCommonShares": "807000", "preferredStockAndOtherAdjustments": "None"}, {"fiscalDateEnding": "2018-06-30", "reportedCurrency": "USD", "totalRevenue": "39751000", "totalOperatingExpense": "11087000", "costOfRevenue": "25039000", "grossProfit": "14712000", "ebit": "3551000", "netIncome": "2436000", "researchAndDevelopment": "0", "effectOfAccountingCharges": "0", "incomeBeforeTax": "3106000", "minorityInterest": "0", "sellingGeneralAdministrative": "11087000", "otherNonOperatingIncome": "-74000", "operatingIncome": "3625000", "otherOperatingExpense": "0", "interestExpense": "445000", "taxProvision": "None", "interestIncome": "None", "netInterestIncome": "None", "extraordinaryItems": "0", "nonRecurring": "0", "otherItems": "0", "incomeTaxExpense": "670000", "totalOtherIncomeExpense": "-519000", "discontinuedOperations": "0", "netIncomeFromContinuingOperations": "2436000", "netIncomeApplicableToCommonShares": "2436000", "preferredStockAndOtherAdjustments": "None"}, {"fiscalDateEnding": "2018-03-31", "reportedCurrency": "USD", "totalRevenue": "31709000", "totalOperatingExpense": "10759000", "costOfRevenue": "19585000", "grossProfit": "12124000", "ebit": "1378000", "netIncome": "764000", "researchAndDevelopment": "0", "effectOfAccountingCharges": "0", "incomeBeforeTax": "973000", "minorityInterest": "0", "sellingGeneralAdministrative": "10759000", "otherNonOperatingIncome": "13000", "operatingIncome": "1365000", "otherOperatingExpense": "0", "interestExpense": "405000", "taxProvision": "None", "interestIncome": "None", "netInterestIncome": "None", "extraordinaryItems": "0", "nonRecurring": "0", "otherItems": "0", "incomeTaxExpense": "209000", "totalOtherIncomeExpense": "-392000", "discontinuedOperations": "0", "netIncomeFromContinuingOperations": "764000", "netIncomeApplicableToCommonShares": "764000", "preferredStockAndOtherAdjustments": "None"}, {"fiscalDateEnding": "2017-12-31", "reportedCurrency": "USD", "totalRevenue": "30171349", "totalOperatingExpense": "9860220", "costOfRevenue": "19545076", "grossProfit": "10626273", "ebit": "746457", "netIncome": "-654521", "researchAndDevelopment": "752000", "effectOfAccountingCharges": "0", "incomeBeforeTax": "368297", "minorityInterest": "0", "sellingGeneralAdministrative": "9860220", "otherNonOperatingIncome": "-19596", "operatingIncome": "766053", "otherOperatingExpense": "0", "interestExpense": "378160", "taxProvision": "None", "interestIncome": "None", "netInterestIncome": "None", "extraordinaryItems": "0", "nonRecurring": "0", "otherItems": "0", "incomeTaxExpense": "1022818", "totalOtherIncomeExpense": "-1143756", "discontinuedOperations": "0", "netIncomeFromContinuingOperations": "-654521", "netIncomeApplicableToCommonShares": "-654521", "preferredStockAndOtherAdjustments": "None"}, {"fiscalDateEnding": "2017-09-30", "reportedCurrency": "USD", "totalRevenue": "33785000", "totalOperatingExpense": "10277000", "costOfRevenue": "21559000", "grossProfit": "12226000", "ebit": "1933000", "netIncome": "1202000", "researchAndDevelopment": "0", "effectOfAccountingCharges": "0", "incomeBeforeTax": "1568000", "minorityInterest": "0", "sellingGeneralAdministrative": "10277000", "otherNonOperatingIncome": "-16000", "operatingIncome": "1949000", "otherOperatingExpense": "0", "interestExpense": "365000", "taxProvision": "None", "interestIncome": "None", "netInterestIncome": "None", "extraordinaryItems": "0", "nonRecurring": "0", "otherItems": "0", "incomeTaxExpense": "366000", "totalOtherIncomeExpense": "-83000", "discontinuedOperations": "0", "netIncomeFromContinuingOperations": "1202000", "netIncomeApplicableToCommonShares": "1202000", "preferredStockAndOtherAdjustments": "None"}, {"fiscalDateEnding": "2017-06-30", "reportedCurrency": "USD", "totalRevenue": "38849000", "totalOperatingExpense": "10594000", "costOfRevenue": "24366000", "grossProfit": "14483000", "ebit": "3940000", "netIncome": "2846000", "researchAndDevelopment": "0", "effectOfAccountingCharges": "0", "incomeBeforeTax": "3619000", "minorityInterest": "0", "sellingGeneralAdministrative": "10594000", "otherNonOperatingIncome": "51000", "operatingIncome": "3889000", "otherOperatingExpense": "0", "interestExpense": "321000", "taxProvision": "None", "interestIncome": "None", "netInterestIncome": "None", "extraordinaryItems": "0", "nonRecurring": "0", "otherItems": "0", "incomeTaxExpense": "773000", "totalOtherIncomeExpense": "70000", "discontinuedOperations": "0", "netIncomeFromContinuingOperations": "2846000", "netIncomeApplicableToCommonShares": "2846000", "preferredStockAndOtherAdjustments": "None"}, {"fiscalDateEnding": "2017-03-31", "reportedCurrency": "USD", "totalRevenue": "27745000", "totalOperatingExpense": "9372000", "costOfRevenue": "17181000", "grossProfit": "10564000", "ebit": "1201000", "netIncome": "659000", "researchAndDevelopment": "0", "effectOfAccountingCharges": "0", "incomeBeforeTax": "938000", "minorityInterest": "0", "sellingGeneralAdministrative": "9372000", "otherNonOperatingIncome": "9000", "operatingIncome": "1192000", "otherOperatingExpense": "0", "interestExpense": "263000", "taxProvision": "None", "interestIncome": "None", "netInterestIncome": "None", "extraordinaryItems": "0", "nonRecurring": "0", "otherItems": "0", "incomeTaxExpense": "279000", "totalOtherIncomeExpense": "-146000", "discontinuedOperations": "0", "netIncomeFromContinuingOperations": "659000", "netIncomeApplicableToCommonShares": "659000", "preferredStockAndOtherAdjustments": "None"}, {"fiscalDateEnding": "2016-12-31", "reportedCurrency": "USD", "totalRevenue": "26376371", "totalOperatingExpense": "9106000", "costOfRevenue": "16563315", "grossProfit": "9813056", "ebit": "668210", "netIncome": "545998", "researchAndDevelopment": "750000", "effectOfAccountingCharges": "0", "incomeBeforeTax": "441703", "minorityInterest": "0", "sellingGeneralAdministrative": "9106000", "otherNonOperatingIncome": "-38846", "operatingIncome": "707056", "otherOperatingExpense": "0", "interestExpense": "226507", "taxProvision": "None", "interestIncome": "None", "netInterestIncome": "None", "extraordinaryItems": "0", "nonRecurring": "0", "otherItems": "0", "incomeTaxExpense": "-104295", "totalOtherIncomeExpense": "-497353", "discontinuedOperations": "0", "netIncomeFromContinuingOperations": "545998", "netIncomeApplicableToCommonShares": "545998", "preferredStockAndOtherAdjustments": "None"}, {"fiscalDateEnding": "2016-09-30", "reportedCurrency": "USD", "totalRevenue": "31913000", "totalOperatingExpense": "9723000", "costOfRevenue": "20050000", "grossProfit": "11863000", "ebit": "2075000", "netIncome": "1473000", "researchAndDevelopment": "0", "effectOfAccountingCharges": "0", "incomeBeforeTax": "1828000", "minorityInterest": "0", "sellingGeneralAdministrative": "9723000", "otherNonOperatingIncome": "-65000", "operatingIncome": "2140000", "otherOperatingExpense": "0", "interestExpense": "247000", "taxProvision": "None", "interestIncome": "None", "netInterestIncome": "None", "extraordinaryItems": "0", "nonRecurring": "0", "otherItems": "0", "incomeTaxExpense": "355000", "totalOtherIncomeExpense": "-327000", "discontinuedOperations": "0", "netIncomeFromContinuingOperations": "1473000", "netIncomeApplicableToCommonShares": "1473000", "preferredStockAndOtherAdjustments": "None"}, {"fiscalDateEnding": "2016-06-30", "reportedCurrency": "USD", "totalRevenue": "40997000", "totalOperatingExpense": "10054000", "costOfRevenue": "26303000", "grossProfit": "14694000", "ebit": "4629000", "netIncome": "3267000", "researchAndDevelopment": "0", "effectOfAccountingCharges": "0", "incomeBeforeTax": "4418000", "minorityInterest": "0", "sellingGeneralAdministrative": "10054000", "otherNonOperatingIncome": "-11000", "operatingIncome": "4640000", "otherOperatingExpense": "0", "interestExpense": "211000", "taxProvision": "None", "interestIncome": "None", "netInterestIncome": "None", "extraordinaryItems": "0", "nonRecurring": "0", "otherItems": "0", "incomeTaxExpense": "1151000", "totalOtherIncomeExpense": "-121000", "discontinuedOperations": "0", "netIncomeFromContinuingOperations": "3267000", "netIncomeApplicableToCommonShares": "3267000", "preferredStockAndOtherAdjustments": "None"}, {"fiscalDateEnding": "2016-03-31", "reportedCurrency": "USD", "totalRevenue": "25288000", "totalOperatingExpense": "8230000", "costOfRevenue": "16103000", "grossProfit": "9185000", "ebit": "993000", "netIncome": "565000", "researchAndDevelopment": "0", "effectOfAccountingCharges": "0", "incomeBeforeTax": "809000", "minorityInterest": "0", "sellingGeneralAdministrative": "8230000", "otherNonOperatingIncome": "38000", "operatingIncome": "955000", "otherOperatingExpense": "0", "interestExpense": "184000", "taxProvision": "None", "interestIncome": "None", "netInterestIncome": "None", "extraordinaryItems": "0", "nonRecurring": "0", "otherItems": "0", "incomeTaxExpense": "244000", "totalOtherIncomeExpense": "0", "discontinuedOperations": "0", "netIncomeFromContinuingOperations": "565000", "netIncomeApplicableToCommonShares": "565000", "preferredStockAndOtherAdjustments": "None"}, {"fiscalDateEnding": "2015-12-31", "reportedCurrency": "USD", "totalRevenue": "23117768", "totalOperatingExpense": "7612212", "costOfRevenue": "14851550", "grossProfit": "8266218", "ebit": "634609", "netIncome": "439525", "researchAndDevelopment": "690000", "effectOfAccountingCharges": "0", "incomeBeforeTax": "489397", "minorityInterest": "0", "sellingGeneralAdministrative": "7612212", "otherNonOperatingIncome": "-19397", "operatingIncome": "654006", "otherOperatingExpense": "0", "interestExpense": "145212", "taxProvision": "None", "interestIncome": "None", "netInterestIncome": "None", "extraordinaryItems": "0", "nonRecurring": "0", "otherItems": "0", "incomeTaxExpense": "49872", "totalOtherIncomeExpense": "-732609", "discontinuedOperations": "0", "netIncomeFromContinuingOperations": "439525", "netIncomeApplicableToCommonShares": "439525", "preferredStockAndOtherAdjustments": "None"}, {"fiscalDateEnding": "2015-09-30", "reportedCurrency": "USD", "totalRevenue": "29903000", "totalOperatingExpense": "8334000", "costOfRevenue": "19578000", "grossProfit": "10325000", "ebit": "1899000", "netIncome": "1208000", "researchAndDevelopment": "0", "effectOfAccountingCharges": "0", "incomeBeforeTax": "1750000", "minorityInterest": "0", "sellingGeneralAdministrative": "8334000", "otherNonOperatingIncome": "-92000", "operatingIncome": "1991000", "otherOperatingExpense": "0", "interestExpense": "149000", "taxProvision": "None", "interestIncome": "None", "netInterestIncome": "None", "extraordinaryItems": "0", "nonRecurring": "0", "otherItems": "0", "incomeTaxExpense": "542000", "totalOtherIncomeExpense": "0", "discontinuedOperations": "0", "netIncomeFromContinuingOperations": "1208000", "netIncomeApplicableToCommonShares": "1208000", "preferredStockAndOtherAdjustments": "None"}, {"fiscalDateEnding": "2015-06-30", "reportedCurrency": "USD", "totalRevenue": "33954000", "totalOperatingExpense": "8660000", "costOfRevenue": "21419000", "grossProfit": "12535000", "ebit": "3895000", "netIncome": "2710000", "researchAndDevelopment": "0", "effectOfAccountingCharges": "0", "incomeBeforeTax": "3754000", "minorityInterest": "0", "sellingGeneralAdministrative": "8660000", "otherNonOperatingIncome": "20000", "operatingIncome": "3875000", "otherOperatingExpense": "0", "interestExpense": "141000", "taxProvision": "None", "interestIncome": "None", "netInterestIncome": "None", "extraordinaryItems": "0", "nonRecurring": "0", "otherItems": "0", "incomeTaxExpense": "1044000", "totalOtherIncomeExpense": "0", "discontinuedOperations": "0", "netIncomeFromContinuingOperations": "2710000", "netIncomeApplicableToCommonShares": "2710000", "preferredStockAndOtherAdjustments": "None"}]}