{"symbol": "ACY", "annualReports": [{"fiscalDateEnding": "2019-12-31", "reportedCurrency": "USD", "totalRevenue": "43599100", "totalOperatingExpense": "64765400", "costOfRevenue": "850800", "grossProfit": "43599100", "ebit": "-21166300", "netIncome": "-16658500", "researchAndDevelopment": "None", "effectOfAccountingCharges": "None", "incomeBeforeTax": "-21166300", "minorityInterest": "None", "sellingGeneralAdministrative": "7108200", "otherNonOperatingIncome": "None", "operatingIncome": "-21166300", "otherOperatingExpense": "12438300", "interestExpense": "11302900", "taxProvision": "-4507800", "interestIncome": "None", "netInterestIncome": "-11302900", "extraordinaryItems": "None", "nonRecurring": "45218900", "otherItems": "None", "incomeTaxExpense": "-4507800", "totalOtherIncomeExpense": "-33576300", "discontinuedOperations": "None", "netIncomeFromContinuingOperations": "-16658500", "netIncomeApplicableToCommonShares": "-16658500", "preferredStockAndOtherAdjustments": "None"}, {"fiscalDateEnding": "2018-12-31", "reportedCurrency": "USD", "totalRevenue": "27116400", "totalOperatingExpense": "36170400", "costOfRevenue": "636000", "grossProfit": "27116400", "ebit": "-9054000", "netIncome": "-8081200", "researchAndDevelopment": "0", "effectOfAccountingCharges": "None", "incomeBeforeTax": "-9054000", "minorityInterest": "None", "sellingGeneralAdministrative": "7892800", "otherNonOperatingIncome": "None", "operatingIncome": "-9054000", "otherOperatingExpense": "25306100", "interestExpense": "9506000", "taxProvision": "-972800", "interestIncome": "None", "netInterestIncome": "-9506000", "extraordinaryItems": "None", "nonRecurring": "2971500", "otherItems": "None", "incomeTaxExpense": "-972800", "totalOtherIncomeExpense": "-8899600", "discontinuedOperations": "None", "netIncomeFromContinuingOperations": "-8081200", "netIncomeApplicableToCommonShares": "-8081200", "preferredStockAndOtherAdjustments": "None"}, {"fiscalDateEnding": "2017-12-31", "reportedCurrency": "USD", "totalRevenue": "35553800", "totalOperatingExpense": "32121100", "costOfRevenue": "2924300", "grossProfit": "35553800", "ebit": "3432700", "netIncome": "7399200", "researchAndDevelopment": "0", "effectOfAccountingCharges": "None", "incomeBeforeTax": "3432700", "minorityInterest": "None", "sellingGeneralAdministrative": "11249900", "otherNonOperatingIncome": "None", "operatingIncome": "3432700", "otherOperatingExpense": "12115900", "interestExpense": "7753200", "taxProvision": "-3966500", "interestIncome": "None", "netInterestIncome": "-7753200", "extraordinaryItems": "5380300", "nonRecurring": "8755300", "otherItems": "None", "incomeTaxExpense": "-3966500", "totalOtherIncomeExpense": "-206800", "discontinuedOperations": "None", "netIncomeFromContinuingOperations": "7399200", "netIncomeApplicableToCommonShares": "7399200", "preferredStockAndOtherAdjustments": "None"}, {"fiscalDateEnding": "2016-12-31", "reportedCurrency": "USD", "totalRevenue": "28716300", "totalOperatingExpense": "26744300", "costOfRevenue": "3285700", "grossProfit": "28716300", "ebit": "1972000", "netIncome": "1221700", "researchAndDevelopment": "0", "effectOfAccountingCharges": "None", "incomeBeforeTax": "1972000", "minorityInterest": "None", "sellingGeneralAdministrative": "10478900", "otherNonOperatingIncome": "None", "operatingIncome": "1972000", "otherOperatingExpense": "8863100", "interestExpense": "5339700", "taxProvision": "750300", "interestIncome": "None", "netInterestIncome": "-5339700", "extraordinaryItems": "None", "nonRecurring": "7402300", "otherItems": "None", "incomeTaxExpense": "750300", "totalOtherIncomeExpense": "104400", "discontinuedOperations": "None", "netIncomeFromContinuingOperations": "1221700", "netIncomeApplicableToCommonShares": "1221700", "preferredStockAndOtherAdjustments": "None"}, {"fiscalDateEnding": "2015-12-31", "reportedCurrency": "USD", "totalRevenue": "38533700", "totalOperatingExpense": "28512400", "costOfRevenue": "4660600", "grossProfit": "38533700", "ebit": "10021300", "netIncome": "6437600", "researchAndDevelopment": "0", "effectOfAccountingCharges": "None", "incomeBeforeTax": "10021300", "minorityInterest": "None", "sellingGeneralAdministrative": "12026600", "otherNonOperatingIncome": "None", "operatingIncome": "10021300", "otherOperatingExpense": "9062100", "interestExpense": "6141400", "taxProvision": "3583700", "interestIncome": "None", "netInterestIncome": "None", "extraordinaryItems": "None", "nonRecurring": "7423700", "otherItems": "None", "incomeTaxExpense": "3583700", "totalOtherIncomeExpense": "4546200", "discontinuedOperations": "None", "netIncomeFromContinuingOperations": "6437600", "netIncomeApplicableToCommonShares": "6437600", "preferredStockAndOtherAdjustments": "None"}], "quarterlyReports": [{"fiscalDateEnding": "2020-06-30", "reportedCurrency": "USD", "totalRevenue": "4378500", "totalOperatingExpense": "5006700", "costOfRevenue": "None", "grossProfit": "None", "ebit": "-8339300", "netIncome": "-13517700", "researchAndDevelopment": "None", "effectOfAccountingCharges": "None", "incomeBeforeTax": "-14801200", "minorityInterest": "None", "sellingGeneralAdministrative": "2890500", "otherNonOperatingIncome": "None", "operatingIncome": "-628200", "otherOperatingExpense": "25600", "interestExpense": "4459500", "taxProvision": "-1283500", "interestIncome": "None", "netInterestIncome": "-4459500", "extraordinaryItems": "None", "nonRecurring": "None", "otherItems": "None", "incomeTaxExpense": "-1283500", "totalOtherIncomeExpense": "-9713500", "discontinuedOperations": "None", "netIncomeFromContinuingOperations": "-13517700", "netIncomeApplicableToCommonShares": "-13517700", "preferredStockAndOtherAdjustments": "None"}, {"fiscalDateEnding": "2020-03-31", "reportedCurrency": "USD", "totalRevenue": "4777200", "totalOperatingExpense": "17668000", "costOfRevenue": "None", "grossProfit": "4777200", "ebit": "-12890800", "netIncome": "-10178400", "researchAndDevelopment": "None", "effectOfAccountingCharges": "None", "incomeBeforeTax": "-12890800", "minorityInterest": "None", "sellingGeneralAdministrative": "1579700", "otherNonOperatingIncome": "None", "operatingIncome": "-12890800", "otherOperatingExpense": "2250500", "interestExpense": "6012900", "taxProvision": "-2712400", "interestIncome": "None", "netInterestIncome": "-6012900", "extraordinaryItems": "None", "nonRecurring": "13837800", "otherItems": "None", "incomeTaxExpense": "-2712400", "totalOtherIncomeExpense": "-7872300", "discontinuedOperations": "None", "netIncomeFromContinuingOperations": "-10178400", "netIncomeApplicableToCommonShares": "-10178400", "preferredStockAndOtherAdjustments": "None"}, {"fiscalDateEnding": "2019-12-31", "reportedCurrency": "USD", "totalRevenue": "4883200", "totalOperatingExpense": "13790700", "costOfRevenue": "477700", "grossProfit": "4883200", "ebit": "-8907500", "netIncome": "-7041300", "researchAndDevelopment": "None", "effectOfAccountingCharges": "None", "incomeBeforeTax": "-8907500", "minorityInterest": "None", "sellingGeneralAdministrative": "2233500", "otherNonOperatingIncome": "None", "operatingIncome": "-8907500", "otherOperatingExpense": "2924300", "interestExpense": "3557900", "taxProvision": "-1866400", "interestIncome": "None", "netInterestIncome": "-3557900", "extraordinaryItems": "None", "nonRecurring": "8632900", "otherItems": "None", "incomeTaxExpense": "-1866200", "totalOtherIncomeExpense": "-5068500", "discontinuedOperations": "None", "netIncomeFromContinuingOperations": "-7041300", "netIncomeApplicableToCommonShares": "-7041300", "preferredStockAndOtherAdjustments": "None"}, {"fiscalDateEnding": "2019-09-30", "reportedCurrency": "USD", "totalRevenue": "23987300", "totalOperatingExpense": "34476000", "costOfRevenue": "255900", "grossProfit": "23987300", "ebit": "-10488700", "netIncome": "-8231400", "researchAndDevelopment": "None", "effectOfAccountingCharges": "None", "incomeBeforeTax": "-10488700", "minorityInterest": "None", "sellingGeneralAdministrative": "1629900", "otherNonOperatingIncome": "None", "operatingIncome": "-10488700", "otherOperatingExpense": "3225900", "interestExpense": "2347600", "taxProvision": "-2257300", "interestIncome": "None", "netInterestIncome": "-2347600", "extraordinaryItems": "None", "nonRecurring": "29620200", "otherItems": "None", "incomeTaxExpense": "-2257300", "totalOtherIncomeExpense": "-27228200", "discontinuedOperations": "None", "netIncomeFromContinuingOperations": "-8231400", "netIncomeApplicableToCommonShares": "-8231400", "preferredStockAndOtherAdjustments": "None"}, {"fiscalDateEnding": "2019-06-30", "reportedCurrency": "USD", "totalRevenue": "7161700", "totalOperatingExpense": "7267200", "costOfRevenue": "10000", "grossProfit": "7161700", "ebit": "-105500", "netIncome": "-77600", "researchAndDevelopment": "None", "effectOfAccountingCharges": "None", "incomeBeforeTax": "-105500", "minorityInterest": "None", "sellingGeneralAdministrative": "1642200", "otherNonOperatingIncome": "None", "operatingIncome": "-105500", "otherOperatingExpense": "2980000", "interestExpense": "2485000", "taxProvision": "-27900", "interestIncome": "None", "netInterestIncome": "-2485000", "extraordinaryItems": "None", "nonRecurring": "2645000", "otherItems": "None", "incomeTaxExpense": "-27900", "totalOtherIncomeExpense": "-53800", "discontinuedOperations": "None", "netIncomeFromContinuingOperations": "-77600", "netIncomeApplicableToCommonShares": "-77600", "preferredStockAndOtherAdjustments": "None"}, {"fiscalDateEnding": "2019-03-31", "reportedCurrency": "USD", "totalRevenue": "7566900", "totalOperatingExpense": "9231500", "costOfRevenue": "107400", "grossProfit": "7566900", "ebit": "-1664600", "netIncome": "-1308200", "researchAndDevelopment": "None", "effectOfAccountingCharges": "None", "incomeBeforeTax": "-1664600", "minorityInterest": "None", "sellingGeneralAdministrative": "1602600", "otherNonOperatingIncome": "None", "operatingIncome": "-1664600", "otherOperatingExpense": "3308100", "interestExpense": "2912400", "taxProvision": "-356400", "interestIncome": "None", "netInterestIncome": "-2912400", "extraordinaryItems": "None", "nonRecurring": "4320800", "otherItems": "None", "incomeTaxExpense": "-356400", "totalOtherIncomeExpense": "-1225900", "discontinuedOperations": "None", "netIncomeFromContinuingOperations": "-1308200", "netIncomeApplicableToCommonShares": "-1308200", "preferredStockAndOtherAdjustments": "None"}, {"fiscalDateEnding": "2018-12-31", "reportedCurrency": "USD", "totalRevenue": "6396000", "totalOperatingExpense": "10127000", "costOfRevenue": "230600", "grossProfit": "6396000", "ebit": "-3731000", "netIncome": "-3833700", "researchAndDevelopment": "0", "effectOfAccountingCharges": "0", "incomeBeforeTax": "-3731000", "minorityInterest": "0", "sellingGeneralAdministrative": "1687100", "otherNonOperatingIncome": "None", "operatingIncome": "-3731000", "otherOperatingExpense": "10694000", "interestExpense": "-2419400", "taxProvision": "102400", "interestIncome": "None", "netInterestIncome": "None", "extraordinaryItems": "0", "nonRecurring": "-2254100", "otherItems": "0", "incomeTaxExpense": "102700", "totalOtherIncomeExpense": "-6124300", "discontinuedOperations": "0", "netIncomeFromContinuingOperations": "-3833700", "netIncomeApplicableToCommonShares": "-3833700", "preferredStockAndOtherAdjustments": "None"}, {"fiscalDateEnding": "2018-09-30", "reportedCurrency": "USD", "totalRevenue": "5051800", "totalOperatingExpense": "10767600", "costOfRevenue": "245300", "grossProfit": "5051800", "ebit": "-5715800", "netIncome": "-4483700", "researchAndDevelopment": "0", "effectOfAccountingCharges": "0", "incomeBeforeTax": "-5715800", "minorityInterest": "0", "sellingGeneralAdministrative": "2053600", "otherNonOperatingIncome": "None", "operatingIncome": "-5715800", "otherOperatingExpense": "6040700", "interestExpense": "-2467200", "taxProvision": "None", "interestIncome": "None", "netInterestIncome": "None", "extraordinaryItems": "0", "nonRecurring": "2673300", "otherItems": "0", "incomeTaxExpense": "-1232100", "totalOtherIncomeExpense": "-7602000", "discontinuedOperations": "0", "netIncomeFromContinuingOperations": "-4483700", "netIncomeApplicableToCommonShares": "-4483700", "preferredStockAndOtherAdjustments": "None"}, {"fiscalDateEnding": "2018-06-30", "reportedCurrency": "USD", "totalRevenue": "7783500", "totalOperatingExpense": "7862100", "costOfRevenue": "68900", "grossProfit": "7783500", "ebit": "-78600", "netIncome": "-81100", "researchAndDevelopment": "0", "effectOfAccountingCharges": "0", "incomeBeforeTax": "-78600", "minorityInterest": "0", "sellingGeneralAdministrative": "1957000", "otherNonOperatingIncome": "None", "operatingIncome": "-78600", "otherOperatingExpense": "5606900", "interestExpense": "-2365100", "taxProvision": "None", "interestIncome": "None", "netInterestIncome": "None", "extraordinaryItems": "0", "nonRecurring": "298200", "otherItems": "0", "incomeTaxExpense": "2500", "totalOtherIncomeExpense": "-2709500", "discontinuedOperations": "0", "netIncomeFromContinuingOperations": "-81100", "netIncomeApplicableToCommonShares": "-81100", "preferredStockAndOtherAdjustments": "None"}, {"fiscalDateEnding": "2018-03-31", "reportedCurrency": "USD", "totalRevenue": "7885100", "totalOperatingExpense": "7413700", "costOfRevenue": "91200", "grossProfit": "7885100", "ebit": "471400", "netIncome": "317300", "researchAndDevelopment": "0", "effectOfAccountingCharges": "0", "incomeBeforeTax": "471400", "minorityInterest": "0", "sellingGeneralAdministrative": "2195100", "otherNonOperatingIncome": "None", "operatingIncome": "471400", "otherOperatingExpense": "2964500", "interestExpense": "-2254100", "taxProvision": "None", "interestIncome": "None", "netInterestIncome": "None", "extraordinaryItems": "0", "nonRecurring": "2254100", "otherItems": "0", "incomeTaxExpense": "154100", "totalOtherIncomeExpense": "-2462300", "discontinuedOperations": "0", "netIncomeFromContinuingOperations": "317300", "netIncomeApplicableToCommonShares": "317300", "preferredStockAndOtherAdjustments": "None"}, {"fiscalDateEnding": "2017-12-31", "reportedCurrency": "USD", "totalRevenue": "11179700", "totalOperatingExpense": "10022800", "costOfRevenue": "3966000", "grossProfit": "11179700", "ebit": "1156900", "netIncome": "6017500", "researchAndDevelopment": "0", "effectOfAccountingCharges": "0", "incomeBeforeTax": "1156900", "minorityInterest": "0", "sellingGeneralAdministrative": "4254000", "otherNonOperatingIncome": "None", "operatingIncome": "1156900", "otherOperatingExpense": "3033100", "interestExpense": "2257000", "taxProvision": "None", "interestIncome": "None", "netInterestIncome": "None", "extraordinaryItems": "0", "nonRecurring": "2735700", "otherItems": "0", "incomeTaxExpense": "-4860600", "totalOtherIncomeExpense": "-8285800", "discontinuedOperations": "0", "netIncomeFromContinuingOperations": "6017500", "netIncomeApplicableToCommonShares": "6017500", "preferredStockAndOtherAdjustments": "None"}, {"fiscalDateEnding": "2017-09-30", "reportedCurrency": "USD", "totalRevenue": "8339200", "totalOperatingExpense": "7645200", "costOfRevenue": "2113000", "grossProfit": "8339200", "ebit": "694000", "netIncome": "384500", "researchAndDevelopment": "0", "effectOfAccountingCharges": "0", "incomeBeforeTax": "694000", "minorityInterest": "0", "sellingGeneralAdministrative": "2274400", "otherNonOperatingIncome": "None", "operatingIncome": "694000", "otherOperatingExpense": "3158600", "interestExpense": "2143000", "taxProvision": "None", "interestIncome": "None", "netInterestIncome": "None", "extraordinaryItems": "0", "nonRecurring": "2212200", "otherItems": "0", "incomeTaxExpense": "309500", "totalOtherIncomeExpense": "311500", "discontinuedOperations": "0", "netIncomeFromContinuingOperations": "384500", "netIncomeApplicableToCommonShares": "384500", "preferredStockAndOtherAdjustments": "None"}, {"fiscalDateEnding": "2017-06-30", "reportedCurrency": "USD", "totalRevenue": "8081100", "totalOperatingExpense": "7541900", "costOfRevenue": "2379000", "grossProfit": "8081100", "ebit": "539200", "netIncome": "355700", "researchAndDevelopment": "0", "effectOfAccountingCharges": "0", "incomeBeforeTax": "539200", "minorityInterest": "0", "sellingGeneralAdministrative": "2379300", "otherNonOperatingIncome": "None", "operatingIncome": "539200", "otherOperatingExpense": "2965500", "interestExpense": "1743000", "taxProvision": "None", "interestIncome": "None", "netInterestIncome": "None", "extraordinaryItems": "0", "nonRecurring": "2197100", "otherItems": "0", "incomeTaxExpense": "183500", "totalOtherIncomeExpense": "-623000", "discontinuedOperations": "0", "netIncomeFromContinuingOperations": "355700", "netIncomeApplicableToCommonShares": "355700", "preferredStockAndOtherAdjustments": "None"}, {"fiscalDateEnding": "2017-03-31", "reportedCurrency": "USD", "totalRevenue": "7953800", "totalOperatingExpense": "6911200", "costOfRevenue": "2262000", "grossProfit": "7953800", "ebit": "1042600", "netIncome": "641500", "researchAndDevelopment": "0", "effectOfAccountingCharges": "0", "incomeBeforeTax": "1042600", "minorityInterest": "0", "sellingGeneralAdministrative": "2342200", "otherNonOperatingIncome": "None", "operatingIncome": "1042600", "otherOperatingExpense": "2958700", "interestExpense": "1610000", "taxProvision": "None", "interestIncome": "None", "netInterestIncome": "None", "extraordinaryItems": "0", "nonRecurring": "1610300", "otherItems": "0", "incomeTaxExpense": "401100", "totalOtherIncomeExpense": "311500", "discontinuedOperations": "0", "netIncomeFromContinuingOperations": "641500", "netIncomeApplicableToCommonShares": "641500", "preferredStockAndOtherAdjustments": "None"}, {"fiscalDateEnding": "2016-12-31", "reportedCurrency": "USD", "totalRevenue": "7725400", "totalOperatingExpense": "7716900", "costOfRevenue": "2380000", "grossProfit": "7725400", "ebit": "8500", "netIncome": "-40300", "researchAndDevelopment": "0", "effectOfAccountingCharges": "0", "incomeBeforeTax": "8500", "minorityInterest": "0", "sellingGeneralAdministrative": "2658000", "otherNonOperatingIncome": "None", "operatingIncome": "8500", "otherOperatingExpense": "2579900", "interestExpense": "1574000", "taxProvision": "None", "interestIncome": "None", "netInterestIncome": "None", "extraordinaryItems": "0", "nonRecurring": "2479000", "otherItems": "0", "incomeTaxExpense": "48800", "totalOtherIncomeExpense": "-3200200", "discontinuedOperations": "0", "netIncomeFromContinuingOperations": "-40300", "netIncomeApplicableToCommonShares": "-40300", "preferredStockAndOtherAdjustments": "None"}, {"fiscalDateEnding": "2016-09-30", "reportedCurrency": "USD", "totalRevenue": "7443800", "totalOperatingExpense": "6629700", "costOfRevenue": "2960000", "grossProfit": "7443800", "ebit": "814100", "netIncome": "529700", "researchAndDevelopment": "0", "effectOfAccountingCharges": "0", "incomeBeforeTax": "814100", "minorityInterest": "0", "sellingGeneralAdministrative": "2385700", "otherNonOperatingIncome": "None", "operatingIncome": "814100", "otherOperatingExpense": "2332600", "interestExpense": "1338000", "taxProvision": "None", "interestIncome": "None", "netInterestIncome": "None", "extraordinaryItems": "0", "nonRecurring": "1911400", "otherItems": "0", "incomeTaxExpense": "284400", "totalOtherIncomeExpense": "0", "discontinuedOperations": "0", "netIncomeFromContinuingOperations": "529700", "netIncomeApplicableToCommonShares": "529700", "preferredStockAndOtherAdjustments": "None"}, {"fiscalDateEnding": "2016-06-30", "reportedCurrency": "USD", "totalRevenue": "7311000", "totalOperatingExpense": "6846300", "costOfRevenue": "3590000", "grossProfit": "7311000", "ebit": "464700", "netIncome": "298600", "researchAndDevelopment": "0", "effectOfAccountingCharges": "0", "incomeBeforeTax": "464700", "minorityInterest": "0", "sellingGeneralAdministrative": "3327300", "otherNonOperatingIncome": "None", "operatingIncome": "464700", "otherOperatingExpense": "1871100", "interestExpense": "1139000", "taxProvision": "None", "interestIncome": "None", "netInterestIncome": "None", "extraordinaryItems": "0", "nonRecurring": "1647900", "otherItems": "0", "incomeTaxExpense": "166100", "totalOtherIncomeExpense": "0", "discontinuedOperations": "0", "netIncomeFromContinuingOperations": "298600", "netIncomeApplicableToCommonShares": "298600", "preferredStockAndOtherAdjustments": "None"}, {"fiscalDateEnding": "2016-03-31", "reportedCurrency": "USD", "totalRevenue": "6236100", "totalOperatingExpense": "5551400", "costOfRevenue": "2108000", "grossProfit": "6236100", "ebit": "684700", "netIncome": "433700", "researchAndDevelopment": "0", "effectOfAccountingCharges": "0", "incomeBeforeTax": "684700", "minorityInterest": "0", "sellingGeneralAdministrative": "2107900", "otherNonOperatingIncome": "None", "operatingIncome": "684700", "otherOperatingExpense": "2079500", "interestExpense": "1289000", "taxProvision": "None", "interestIncome": "None", "netInterestIncome": "None", "extraordinaryItems": "0", "nonRecurring": "1364000", "otherItems": "0", "incomeTaxExpense": "251000", "totalOtherIncomeExpense": "0", "discontinuedOperations": "0", "netIncomeFromContinuingOperations": "433700", "netIncomeApplicableToCommonShares": "433700", "preferredStockAndOtherAdjustments": "None"}, {"fiscalDateEnding": "2015-12-31", "reportedCurrency": "USD", "totalRevenue": "12747000", "totalOperatingExpense": "7876600", "costOfRevenue": "3276000", "grossProfit": "12747000", "ebit": "4870400", "netIncome": "3075100", "researchAndDevelopment": "0", "effectOfAccountingCharges": "0", "incomeBeforeTax": "4870400", "minorityInterest": "0", "sellingGeneralAdministrative": "3275000", "otherNonOperatingIncome": "None", "operatingIncome": "4870400", "otherOperatingExpense": "2130700", "interestExpense": "1336000", "taxProvision": "None", "interestIncome": "None", "netInterestIncome": "None", "extraordinaryItems": "0", "nonRecurring": "2470900", "otherItems": "0", "incomeTaxExpense": "1795300", "totalOtherIncomeExpense": "4546200", "discontinuedOperations": "0", "netIncomeFromContinuingOperations": "3075100", "netIncomeApplicableToCommonShares": "3075100", "preferredStockAndOtherAdjustments": "None"}, {"fiscalDateEnding": "2015-09-30", "reportedCurrency": "USD", "totalRevenue": "7791400", "totalOperatingExpense": "5878200", "costOfRevenue": "2139000", "grossProfit": "7791400", "ebit": "1913200", "netIncome": "1255000", "researchAndDevelopment": "0", "effectOfAccountingCharges": "0", "incomeBeforeTax": "1913200", "minorityInterest": "0", "sellingGeneralAdministrative": "2137800", "otherNonOperatingIncome": "None", "operatingIncome": "1913200", "otherOperatingExpense": "2281500", "interestExpense": "1459000", "taxProvision": "None", "interestIncome": "None", "netInterestIncome": "None", "extraordinaryItems": "0", "nonRecurring": "1458900", "otherItems": "0", "incomeTaxExpense": "658200", "totalOtherIncomeExpense": "0", "discontinuedOperations": "0", "netIncomeFromContinuingOperations": "1255000", "netIncomeApplicableToCommonShares": "1255000", "preferredStockAndOtherAdjustments": "None"}, {"fiscalDateEnding": "2015-06-30", "reportedCurrency": "USD", "totalRevenue": "9367900", "totalOperatingExpense": "7282400", "costOfRevenue": "3344000", "grossProfit": "9367900", "ebit": "2085500", "netIncome": "1355300", "researchAndDevelopment": "0", "effectOfAccountingCharges": "0", "incomeBeforeTax": "2085500", "minorityInterest": "0", "sellingGeneralAdministrative": "3344700", "otherNonOperatingIncome": "None", "operatingIncome": "2085500", "otherOperatingExpense": "2322100", "interestExpense": "1468000", "taxProvision": "None", "interestIncome": "None", "netInterestIncome": "None", "extraordinaryItems": "0", "nonRecurring": "1615600", "otherItems": "0", "incomeTaxExpense": "730200", "totalOtherIncomeExpense": "0", "discontinuedOperations": "0", "netIncomeFromContinuingOperations": "1355300", "netIncomeApplicableToCommonShares": "1355300", "preferredStockAndOtherAdjustments": "None"}]}