{"symbol": "ADAP", "annualReports": [{"fiscalDateEnding": "2019-12-31", "reportedCurrency": "USD", "totalRevenue": "1122000", "totalOperatingExpense": "140892000", "costOfRevenue": "97501000", "grossProfit": "1122000", "ebit": "-136923000", "netIncome": "-137165000", "researchAndDevelopment": "97501000", "effectOfAccountingCharges": "None", "incomeBeforeTax": "-136923000", "minorityInterest": "None", "sellingGeneralAdministrative": "43391000", "otherNonOperatingIncome": "2847000", "operatingIncome": "-139770000", "otherOperatingExpense": "None", "interestExpense": "None", "taxProvision": "242000", "interestIncome": "2772000", "netInterestIncome": "2772000", "extraordinaryItems": "None", "nonRecurring": "None", "otherItems": "None", "incomeTaxExpense": "242000", "totalOtherIncomeExpense": "75000", "discontinuedOperations": "None", "netIncomeFromContinuingOperations": "-137165000", "netIncomeApplicableToCommonShares": "-137165000", "preferredStockAndOtherAdjustments": "None"}, {"fiscalDateEnding": "2018-12-31", "reportedCurrency": "USD", "totalRevenue": "59505000", "totalOperatingExpense": "141870000", "costOfRevenue": "98269000", "grossProfit": "59505000", "ebit": "-95017000", "netIncome": "-95514000", "researchAndDevelopment": "98269000", "effectOfAccountingCharges": "None", "incomeBeforeTax": "-95017000", "minorityInterest": "None", "sellingGeneralAdministrative": "43601000", "otherNonOperatingIncome": "-12652000", "operatingIncome": "-82365000", "otherOperatingExpense": "None", "interestExpense": "0", "taxProvision": "497000", "interestIncome": "2849000", "netInterestIncome": "2849000", "extraordinaryItems": "None", "nonRecurring": "None", "otherItems": "None", "incomeTaxExpense": "497000", "totalOtherIncomeExpense": "-15501000", "discontinuedOperations": "None", "netIncomeFromContinuingOperations": "-95514000", "netIncomeApplicableToCommonShares": "-95514000", "preferredStockAndOtherAdjustments": "None"}, {"fiscalDateEnding": "2017-12-31", "reportedCurrency": "USD", "totalRevenue": "37833000", "totalOperatingExpense": "118494000", "costOfRevenue": "87388000", "grossProfit": "37833000", "ebit": "-69687000", "netIncome": "-70138000", "researchAndDevelopment": "87388000", "effectOfAccountingCharges": "None", "incomeBeforeTax": "-69687000", "minorityInterest": "None", "sellingGeneralAdministrative": "31106000", "otherNonOperatingIncome": "10974000", "operatingIncome": "-80661000", "otherOperatingExpense": "None", "interestExpense": "0", "taxProvision": "451000", "interestIncome": "2230000", "netInterestIncome": "2230000", "extraordinaryItems": "None", "nonRecurring": "None", "otherItems": "None", "incomeTaxExpense": "451000", "totalOtherIncomeExpense": "8744000", "discontinuedOperations": "None", "netIncomeFromContinuingOperations": "-70138000", "netIncomeApplicableToCommonShares": "-70138000", "preferredStockAndOtherAdjustments": "None"}, {"fiscalDateEnding": "2016-12-31", "reportedCurrency": "USD", "totalRevenue": "14198000", "totalOperatingExpense": "86997000", "costOfRevenue": "63789000", "grossProfit": "14198000", "ebit": "-71797000", "netIncome": "-71579000", "researchAndDevelopment": "63789000", "effectOfAccountingCharges": "None", "incomeBeforeTax": "-70687000", "minorityInterest": "None", "sellingGeneralAdministrative": "23208000", "otherNonOperatingIncome": "1002000", "operatingIncome": "-72799000", "otherOperatingExpense": "None", "interestExpense": "-1110000", "taxProvision": "892000", "interestIncome": "1110000", "netInterestIncome": "1110000", "extraordinaryItems": "None", "nonRecurring": "None", "otherItems": "None", "incomeTaxExpense": "892000", "totalOtherIncomeExpense": "1002000", "discontinuedOperations": "None", "netIncomeFromContinuingOperations": "-71579000", "netIncomeApplicableToCommonShares": "-71579000", "preferredStockAndOtherAdjustments": "None"}, {"fiscalDateEnding": "2015-12-31", "reportedCurrency": "USD", "totalRevenue": "8979000", "totalOperatingExpense": "57614000", "costOfRevenue": "0", "grossProfit": "14490000", "ebit": "-43124000", "netIncome": "-23000000", "researchAndDevelopment": "39852000", "effectOfAccountingCharges": "None", "incomeBeforeTax": "-23055000", "minorityInterest": "None", "sellingGeneralAdministrative": "11145000", "otherNonOperatingIncome": "None", "operatingIncome": "-26410000", "otherOperatingExpense": "None", "interestExpense": "None", "taxProvision": "-55000", "interestIncome": "489000", "netInterestIncome": "None", "extraordinaryItems": "None", "nonRecurring": "None", "otherItems": "None", "incomeTaxExpense": "143000", "totalOtherIncomeExpense": "3754000", "discontinuedOperations": "None", "netIncomeFromContinuingOperations": "-39513000", "netIncomeApplicableToCommonShares": "-23000000", "preferredStockAndOtherAdjustments": "None"}], "quarterlyReports": [{"fiscalDateEnding": "2020-06-30", "reportedCurrency": "USD", "totalRevenue": "502000", "totalOperatingExpense": "30755000", "costOfRevenue": "None", "grossProfit": "502000", "ebit": "-29855000", "netIncome": "-29880000", "researchAndDevelopment": "20460000", "effectOfAccountingCharges": "None", "incomeBeforeTax": "-29855000", "minorityInterest": "None", "sellingGeneralAdministrative": "10295000", "otherNonOperatingIncome": "398000", "operatingIncome": "-30253000", "otherOperatingExpense": "None", "interestExpense": "None", "taxProvision": "25000", "interestIncome": "1147000", "netInterestIncome": "1147000", "extraordinaryItems": "None", "nonRecurring": "None", "otherItems": "None", "incomeTaxExpense": "25000", "totalOtherIncomeExpense": "-749000", "discontinuedOperations": "None", "netIncomeFromContinuingOperations": "-29880000", "netIncomeApplicableToCommonShares": "-29880000", "preferredStockAndOtherAdjustments": "None"}, {"fiscalDateEnding": "2020-03-31", "reportedCurrency": "USD", "totalRevenue": "761000", "totalOperatingExpense": "30525000", "costOfRevenue": "None", "grossProfit": "None", "ebit": "-27873000", "netIncome": "-28167000", "researchAndDevelopment": "21264000", "effectOfAccountingCharges": "None", "incomeBeforeTax": "-28097000", "minorityInterest": "None", "sellingGeneralAdministrative": "9261000", "otherNonOperatingIncome": "None", "operatingIncome": "-29764000", "otherOperatingExpense": "None", "interestExpense": "None", "taxProvision": "70000", "interestIncome": "730000", "netInterestIncome": "730000", "extraordinaryItems": "None", "nonRecurring": "None", "otherItems": "None", "incomeTaxExpense": "70000", "totalOtherIncomeExpense": "937000", "discontinuedOperations": "None", "netIncomeFromContinuingOperations": "-28167000", "netIncomeApplicableToCommonShares": "-28167000", "preferredStockAndOtherAdjustments": "None"}, {"fiscalDateEnding": "2019-12-31", "reportedCurrency": "USD", "totalRevenue": "728000", "totalOperatingExpense": "31083000", "costOfRevenue": "20354000", "grossProfit": "728000", "ebit": "-29276000", "netIncome": "-29364000", "researchAndDevelopment": "20354000", "effectOfAccountingCharges": "None", "incomeBeforeTax": "-29276000", "minorityInterest": "None", "sellingGeneralAdministrative": "10729000", "otherNonOperatingIncome": "1079000", "operatingIncome": "-30355000", "otherOperatingExpense": "None", "interestExpense": "None", "taxProvision": "88000", "interestIncome": "448000", "netInterestIncome": "448000", "extraordinaryItems": "None", "nonRecurring": "None", "otherItems": "None", "incomeTaxExpense": "88000", "totalOtherIncomeExpense": "631000", "discontinuedOperations": "None", "netIncomeFromContinuingOperations": "-29364000", "netIncomeApplicableToCommonShares": "-29364000", "preferredStockAndOtherAdjustments": "None"}, {"fiscalDateEnding": "2019-09-30", "reportedCurrency": "USD", "totalRevenue": "237000", "totalOperatingExpense": "40358000", "costOfRevenue": "29617000", "grossProfit": "237000", "ebit": "-39215000", "netIncome": "-39302000", "researchAndDevelopment": "29617000", "effectOfAccountingCharges": "None", "incomeBeforeTax": "-39215000", "minorityInterest": "None", "sellingGeneralAdministrative": "10741000", "otherNonOperatingIncome": "906000", "operatingIncome": "-40121000", "otherOperatingExpense": "None", "interestExpense": "None", "taxProvision": "87000", "interestIncome": "615000", "netInterestIncome": "615000", "extraordinaryItems": "None", "nonRecurring": "None", "otherItems": "None", "incomeTaxExpense": "87000", "totalOtherIncomeExpense": "291000", "discontinuedOperations": "None", "netIncomeFromContinuingOperations": "-39302000", "netIncomeApplicableToCommonShares": "-39302000", "preferredStockAndOtherAdjustments": "None"}, {"fiscalDateEnding": "2019-06-30", "reportedCurrency": "USD", "totalRevenue": "157000", "totalOperatingExpense": "35659000", "costOfRevenue": "25511000", "grossProfit": "157000", "ebit": "-41022000", "netIncome": "-41087000", "researchAndDevelopment": "25511000", "effectOfAccountingCharges": "None", "incomeBeforeTax": "-41022000", "minorityInterest": "None", "sellingGeneralAdministrative": "10148000", "otherNonOperatingIncome": "-5520000", "operatingIncome": "-35502000", "otherOperatingExpense": "None", "interestExpense": "None", "taxProvision": "65000", "interestIncome": "757000", "netInterestIncome": "757000", "extraordinaryItems": "None", "nonRecurring": "None", "otherItems": "None", "incomeTaxExpense": "65000", "totalOtherIncomeExpense": "-6277000", "discontinuedOperations": "None", "netIncomeFromContinuingOperations": "-41087000", "netIncomeApplicableToCommonShares": "-41087000", "preferredStockAndOtherAdjustments": "None"}, {"fiscalDateEnding": "2019-03-31", "reportedCurrency": "USD", "totalRevenue": "0", "totalOperatingExpense": "33792000", "costOfRevenue": "22019000", "grossProfit": "-22019000", "ebit": "-27410000", "netIncome": "-27412000", "researchAndDevelopment": "22019000", "effectOfAccountingCharges": "None", "incomeBeforeTax": "-27410000", "minorityInterest": "None", "sellingGeneralAdministrative": "11773000", "otherNonOperatingIncome": "6382000", "operatingIncome": "-33792000", "otherOperatingExpense": "None", "interestExpense": "None", "taxProvision": "2000", "interestIncome": "6342000", "netInterestIncome": "952000", "extraordinaryItems": "None", "nonRecurring": "None", "otherItems": "None", "incomeTaxExpense": "2000", "totalOtherIncomeExpense": "5430000", "discontinuedOperations": "None", "netIncomeFromContinuingOperations": "-27412000", "netIncomeApplicableToCommonShares": "-27412000", "preferredStockAndOtherAdjustments": "None"}, {"fiscalDateEnding": "2018-12-31", "reportedCurrency": "USD", "totalRevenue": "1479000", "totalOperatingExpense": "33245000", "costOfRevenue": "22769000", "grossProfit": "1479000", "ebit": "-35698000", "netIncome": "-35833000", "researchAndDevelopment": "22429000", "effectOfAccountingCharges": "0", "incomeBeforeTax": "-35698000", "minorityInterest": "0", "sellingGeneralAdministrative": "10816000", "otherNonOperatingIncome": "-3932000", "operatingIncome": "-31766000", "otherOperatingExpense": "0", "interestExpense": "0", "taxProvision": "135000", "interestIncome": "None", "netInterestIncome": "None", "extraordinaryItems": "0", "nonRecurring": "0", "otherItems": "0", "incomeTaxExpense": "135000", "totalOtherIncomeExpense": "-3932000", "discontinuedOperations": "0", "netIncomeFromContinuingOperations": "-35833000", "netIncomeApplicableToCommonShares": "-35833000", "preferredStockAndOtherAdjustments": "None"}, {"fiscalDateEnding": "2018-09-30", "reportedCurrency": "USD", "totalRevenue": "40792000", "totalOperatingExpense": "33774000", "costOfRevenue": "23484000", "grossProfit": "40792000", "ebit": "5375000", "netIncome": "5242000", "researchAndDevelopment": "23484000", "effectOfAccountingCharges": "0", "incomeBeforeTax": "5375000", "minorityInterest": "0", "sellingGeneralAdministrative": "10290000", "otherNonOperatingIncome": "-1643000", "operatingIncome": "7018000", "otherOperatingExpense": "0", "interestExpense": "0", "taxProvision": "None", "interestIncome": "None", "netInterestIncome": "None", "extraordinaryItems": "0", "nonRecurring": "0", "otherItems": "0", "incomeTaxExpense": "133000", "totalOtherIncomeExpense": "-1643000", "discontinuedOperations": "0", "netIncomeFromContinuingOperations": "5242000", "netIncomeApplicableToCommonShares": "5242000", "preferredStockAndOtherAdjustments": "None"}, {"fiscalDateEnding": "2018-06-30", "reportedCurrency": "USD", "totalRevenue": "9038000", "totalOperatingExpense": "37915000", "costOfRevenue": "35995000", "grossProfit": "9038000", "ebit": "-43743000", "netIncome": "-43845000", "researchAndDevelopment": "26624000", "effectOfAccountingCharges": "0", "incomeBeforeTax": "-43743000", "minorityInterest": "0", "sellingGeneralAdministrative": "11291000", "otherNonOperatingIncome": "-14866000", "operatingIncome": "-28877000", "otherOperatingExpense": "0", "interestExpense": "0", "taxProvision": "None", "interestIncome": "None", "netInterestIncome": "None", "extraordinaryItems": "0", "nonRecurring": "0", "otherItems": "0", "incomeTaxExpense": "102000", "totalOtherIncomeExpense": "-14866000", "discontinuedOperations": "0", "netIncomeFromContinuingOperations": "-43845000", "netIncomeApplicableToCommonShares": "-43845000", "preferredStockAndOtherAdjustments": "None"}, {"fiscalDateEnding": "2018-03-31", "reportedCurrency": "USD", "totalRevenue": "8196000", "totalOperatingExpense": "36936000", "costOfRevenue": "34713000", "grossProfit": "8196000", "ebit": "-20951000", "netIncome": "-21078000", "researchAndDevelopment": "25732000", "effectOfAccountingCharges": "0", "incomeBeforeTax": "-20951000", "minorityInterest": "0", "sellingGeneralAdministrative": "11204000", "otherNonOperatingIncome": "7789000", "operatingIncome": "-28740000", "otherOperatingExpense": "0", "interestExpense": "0", "taxProvision": "None", "interestIncome": "None", "netInterestIncome": "None", "extraordinaryItems": "0", "nonRecurring": "0", "otherItems": "0", "incomeTaxExpense": "127000", "totalOtherIncomeExpense": "7789000", "discontinuedOperations": "0", "netIncomeFromContinuingOperations": "-21078000", "netIncomeApplicableToCommonShares": "-21078000", "preferredStockAndOtherAdjustments": "None"}, {"fiscalDateEnding": "2017-12-31", "reportedCurrency": "USD", "totalRevenue": "4270000", "totalOperatingExpense": "33970000", "costOfRevenue": "32038000", "grossProfit": "4270000", "ebit": "-27207000", "netIncome": "-27263000", "researchAndDevelopment": "25148000", "effectOfAccountingCharges": "0", "incomeBeforeTax": "-27433000", "minorityInterest": "0", "sellingGeneralAdministrative": "8822000", "otherNonOperatingIncome": "2493000", "operatingIncome": "-29700000", "otherOperatingExpense": "0", "interestExpense": "-8000", "taxProvision": "None", "interestIncome": "None", "netInterestIncome": "None", "extraordinaryItems": "0", "nonRecurring": "0", "otherItems": "0", "incomeTaxExpense": "-170000", "totalOtherIncomeExpense": "10974000", "discontinuedOperations": "0", "netIncomeFromContinuingOperations": "-27263000", "netIncomeApplicableToCommonShares": "-27263000", "preferredStockAndOtherAdjustments": "None"}, {"fiscalDateEnding": "2017-09-30", "reportedCurrency": "USD", "totalRevenue": "27185000", "totalOperatingExpense": "32145000", "costOfRevenue": "30642000", "grossProfit": "27185000", "ebit": "-645000", "netIncome": "-878000", "researchAndDevelopment": "24034000", "effectOfAccountingCharges": "0", "incomeBeforeTax": "-653000", "minorityInterest": "0", "sellingGeneralAdministrative": "8111000", "otherNonOperatingIncome": "4315000", "operatingIncome": "-4960000", "otherOperatingExpense": "0", "interestExpense": "8000", "taxProvision": "None", "interestIncome": "None", "netInterestIncome": "None", "extraordinaryItems": "0", "nonRecurring": "0", "otherItems": "0", "incomeTaxExpense": "225000", "totalOtherIncomeExpense": "0", "discontinuedOperations": "0", "netIncomeFromContinuingOperations": "-878000", "netIncomeApplicableToCommonShares": "-878000", "preferredStockAndOtherAdjustments": "None"}, {"fiscalDateEnding": "2017-06-30", "reportedCurrency": "USD", "totalRevenue": "3521000", "totalOperatingExpense": "27301000", "costOfRevenue": "26165000", "grossProfit": "3521000", "ebit": "-20044000", "netIncome": "-20215000", "researchAndDevelopment": "19591000", "effectOfAccountingCharges": "0", "incomeBeforeTax": "-20050000", "minorityInterest": "0", "sellingGeneralAdministrative": "7710000", "otherNonOperatingIncome": "3736000", "operatingIncome": "-23780000", "otherOperatingExpense": "0", "interestExpense": "6000", "taxProvision": "None", "interestIncome": "None", "netInterestIncome": "None", "extraordinaryItems": "0", "nonRecurring": "0", "otherItems": "0", "incomeTaxExpense": "165000", "totalOtherIncomeExpense": "0", "discontinuedOperations": "0", "netIncomeFromContinuingOperations": "-20215000", "netIncomeApplicableToCommonShares": "-20215000", "preferredStockAndOtherAdjustments": "None"}, {"fiscalDateEnding": "2017-03-31", "reportedCurrency": "USD", "totalRevenue": "2857000", "totalOperatingExpense": "25078000", "costOfRevenue": "24032000", "grossProfit": "2857000", "ebit": "-21791000", "netIncome": "-21782000", "researchAndDevelopment": "18615000", "effectOfAccountingCharges": "0", "incomeBeforeTax": "-21551000", "minorityInterest": "0", "sellingGeneralAdministrative": "6463000", "otherNonOperatingIncome": "430000", "operatingIncome": "-22221000", "otherOperatingExpense": "0", "interestExpense": "-240000", "taxProvision": "None", "interestIncome": "None", "netInterestIncome": "None", "extraordinaryItems": "0", "nonRecurring": "0", "otherItems": "0", "incomeTaxExpense": "231000", "totalOtherIncomeExpense": "0", "discontinuedOperations": "0", "netIncomeFromContinuingOperations": "-21782000", "netIncomeApplicableToCommonShares": "-21782000", "preferredStockAndOtherAdjustments": "None"}, {"fiscalDateEnding": "2016-12-31", "reportedCurrency": "USD", "totalRevenue": "8536000", "totalOperatingExpense": "23192000", "costOfRevenue": "22196000", "grossProfit": "8536000", "ebit": "-15249000", "netIncome": "-15414000", "researchAndDevelopment": "18072000", "effectOfAccountingCharges": "0", "incomeBeforeTax": "-14978000", "minorityInterest": "0", "sellingGeneralAdministrative": "5120000", "otherNonOperatingIncome": "-593000", "operatingIncome": "-14656000", "otherOperatingExpense": "0", "interestExpense": "-271000", "taxProvision": "None", "interestIncome": "None", "netInterestIncome": "None", "extraordinaryItems": "0", "nonRecurring": "0", "otherItems": "0", "incomeTaxExpense": "436000", "totalOtherIncomeExpense": "2112000", "discontinuedOperations": "0", "netIncomeFromContinuingOperations": "-15414000", "netIncomeApplicableToCommonShares": "-15414000", "preferredStockAndOtherAdjustments": "None"}, {"fiscalDateEnding": "2016-09-30", "reportedCurrency": "USD", "totalRevenue": "2416000", "totalOperatingExpense": "21034000", "costOfRevenue": "20216000", "grossProfit": "2416000", "ebit": "-18679000", "netIncome": "-18494000", "researchAndDevelopment": "15610000", "effectOfAccountingCharges": "0", "incomeBeforeTax": "-18390000", "minorityInterest": "0", "sellingGeneralAdministrative": "5424000", "otherNonOperatingIncome": "-61000", "operatingIncome": "-18618000", "otherOperatingExpense": "0", "interestExpense": "-289000", "taxProvision": "None", "interestIncome": "None", "netInterestIncome": "None", "extraordinaryItems": "0", "nonRecurring": "0", "otherItems": "0", "incomeTaxExpense": "104000", "totalOtherIncomeExpense": "1308000", "discontinuedOperations": "0", "netIncomeFromContinuingOperations": "-18494000", "netIncomeApplicableToCommonShares": "-18494000", "preferredStockAndOtherAdjustments": "None"}, {"fiscalDateEnding": "2016-06-30", "reportedCurrency": "USD", "totalRevenue": "328000", "totalOperatingExpense": "23028000", "costOfRevenue": "22179000", "grossProfit": "328000", "ebit": "-22093000", "netIncome": "-22095000", "researchAndDevelopment": "16219000", "effectOfAccountingCharges": "0", "incomeBeforeTax": "-21802000", "minorityInterest": "0", "sellingGeneralAdministrative": "6809000", "otherNonOperatingIncome": "607000", "operatingIncome": "-22700000", "otherOperatingExpense": "0", "interestExpense": "-291000", "taxProvision": "None", "interestIncome": "None", "netInterestIncome": "None", "extraordinaryItems": "0", "nonRecurring": "0", "otherItems": "0", "incomeTaxExpense": "293000", "totalOtherIncomeExpense": "-2616000", "discontinuedOperations": "0", "netIncomeFromContinuingOperations": "-22095000", "netIncomeApplicableToCommonShares": "-22095000", "preferredStockAndOtherAdjustments": "None"}, {"fiscalDateEnding": "2016-03-31", "reportedCurrency": "USD", "totalRevenue": "2918000", "totalOperatingExpense": "19743000", "costOfRevenue": "18998000", "grossProfit": "2918000", "ebit": "-15776000", "netIncome": "-15576000", "researchAndDevelopment": "13888000", "effectOfAccountingCharges": "0", "incomeBeforeTax": "-15517000", "minorityInterest": "0", "sellingGeneralAdministrative": "5855000", "otherNonOperatingIncome": "1049000", "operatingIncome": "-16825000", "otherOperatingExpense": "0", "interestExpense": "-259000", "taxProvision": "None", "interestIncome": "None", "netInterestIncome": "None", "extraordinaryItems": "0", "nonRecurring": "0", "otherItems": "0", "incomeTaxExpense": "59000", "totalOtherIncomeExpense": "1308000", "discontinuedOperations": "0", "netIncomeFromContinuingOperations": "-15576000", "netIncomeApplicableToCommonShares": "-15576000", "preferredStockAndOtherAdjustments": "None"}, {"fiscalDateEnding": "2015-12-31", "reportedCurrency": "USD", "totalRevenue": "4179000", "totalOperatingExpense": "57614000", "costOfRevenue": "19475000", "grossProfit": "14490000", "ebit": "-43124000", "netIncome": "-39513000", "researchAndDevelopment": "14422000", "effectOfAccountingCharges": "0", "incomeBeforeTax": "-39370000", "minorityInterest": "0", "sellingGeneralAdministrative": "17762000", "otherNonOperatingIncome": "None", "operatingIncome": "-43124000", "otherOperatingExpense": "0", "interestExpense": "0", "taxProvision": "None", "interestIncome": "None", "netInterestIncome": "None", "extraordinaryItems": "0", "nonRecurring": "0", "otherItems": "0", "incomeTaxExpense": "143000", "totalOtherIncomeExpense": "3754000", "discontinuedOperations": "0", "netIncomeFromContinuingOperations": "-39513000", "netIncomeApplicableToCommonShares": "-48176000", "preferredStockAndOtherAdjustments": "None"}, {"fiscalDateEnding": "2015-09-30", "reportedCurrency": "USD", "totalRevenue": "3930000", "totalOperatingExpense": "-34512000", "costOfRevenue": "14248000", "grossProfit": "-9871000", "ebit": "24641000", "netIncome": "22058000", "researchAndDevelopment": "9860000", "effectOfAccountingCharges": "0", "incomeBeforeTax": "21814000", "minorityInterest": "0", "sellingGeneralAdministrative": "-10375000", "otherNonOperatingIncome": "None", "operatingIncome": "24641000", "otherOperatingExpense": "0", "interestExpense": "0", "taxProvision": "None", "interestIncome": "None", "netInterestIncome": "None", "extraordinaryItems": "0", "nonRecurring": "0", "otherItems": "0", "incomeTaxExpense": "-244000", "totalOtherIncomeExpense": "-2827000", "discontinuedOperations": "0", "netIncomeFromContinuingOperations": "22058000", "netIncomeApplicableToCommonShares": "36793000", "preferredStockAndOtherAdjustments": "None"}, {"fiscalDateEnding": "2015-06-30", "reportedCurrency": "USD", "totalRevenue": "6919000", "totalOperatingExpense": "34512000", "costOfRevenue": "21903000", "grossProfit": "9871000", "ebit": "-24641000", "netIncome": "-22058000", "researchAndDevelopment": "14321000", "effectOfAccountingCharges": "0", "incomeBeforeTax": "-21814000", "minorityInterest": "0", "sellingGeneralAdministrative": "10375000", "otherNonOperatingIncome": "None", "operatingIncome": "-24641000", "otherOperatingExpense": "0", "interestExpense": "0", "taxProvision": "None", "interestIncome": "None", "netInterestIncome": "None", "extraordinaryItems": "0", "nonRecurring": "0", "otherItems": "0", "incomeTaxExpense": "244000", "totalOtherIncomeExpense": "2827000", "discontinuedOperations": "0", "netIncomeFromContinuingOperations": "-22058000", "netIncomeApplicableToCommonShares": "-36793000", "preferredStockAndOtherAdjustments": "None"}]}