{"symbol": "ADC", "annualReports": [{"fiscalDateEnding": "2019-12-31", "reportedCurrency": "USD", "totalRevenue": "187478000", "totalOperatingExpense": "70869000", "costOfRevenue": "15520000", "grossProfit": "171958000", "ebit": "114395000", "netIncome": "80081000", "researchAndDevelopment": "None", "effectOfAccountingCharges": "None", "incomeBeforeTax": "81301000", "minorityInterest": "682000", "sellingGeneralAdministrative": "15566000", "otherNonOperatingIncome": "13306000", "operatingIncome": "101089000", "otherOperatingExpense": "53694000", "interestExpense": "33094000", "taxProvision": "538000", "interestIncome": "-33094000", "netInterestIncome": "-33094000", "extraordinaryItems": "None", "nonRecurring": "1609000", "otherItems": "None", "incomeTaxExpense": "538000", "totalOtherIncomeExpense": "11697000", "discontinuedOperations": "None", "netIncomeFromContinuingOperations": "80763000", "netIncomeApplicableToCommonShares": "80081000", "preferredStockAndOtherAdjustments": "None"}, {"fiscalDateEnding": "2018-12-31", "reportedCurrency": "USD", "totalRevenue": "148195000", "totalOperatingExpense": "58827000", "costOfRevenue": "16366000", "grossProfit": "131829000", "ebit": "84186000", "netIncome": "58172000", "researchAndDevelopment": "0", "effectOfAccountingCharges": "None", "incomeBeforeTax": "59314000", "minorityInterest": "626000", "sellingGeneralAdministrative": "12810000", "otherNonOperatingIncome": "11184000", "operatingIncome": "73002000", "otherOperatingExpense": "43698000", "interestExpense": "24872000", "taxProvision": "516000", "interestIncome": "-24872000", "netInterestIncome": "-24872000", "extraordinaryItems": "None", "nonRecurring": "2319000", "otherItems": "None", "incomeTaxExpense": "516000", "totalOtherIncomeExpense": "8865000", "discontinuedOperations": "None", "netIncomeFromContinuingOperations": "58798000", "netIncomeApplicableToCommonShares": "58172000", "preferredStockAndOtherAdjustments": "None"}, {"fiscalDateEnding": "2017-12-31", "reportedCurrency": "USD", "totalRevenue": "116555000", "totalOperatingExpense": "42354000", "costOfRevenue": "11814000", "grossProfit": "104741000", "ebit": "76927000", "netIncome": "58112000", "researchAndDevelopment": "0", "effectOfAccountingCharges": "None", "incomeBeforeTax": "58790000", "minorityInterest": "678000", "sellingGeneralAdministrative": "10602000", "otherNonOperatingIncome": "14540000", "operatingIncome": "62387000", "otherOperatingExpense": "31752000", "interestExpense": "18137000", "taxProvision": "457000", "interestIncome": "-18137000", "netInterestIncome": "-18137000", "extraordinaryItems": "230000", "nonRecurring": "None", "otherItems": "None", "incomeTaxExpense": "227000", "totalOtherIncomeExpense": "14540000", "discontinuedOperations": "None", "netIncomeFromContinuingOperations": "58790000", "netIncomeApplicableToCommonShares": "58112000", "preferredStockAndOtherAdjustments": "None"}, {"fiscalDateEnding": "2016-12-31", "reportedCurrency": "USD", "totalRevenue": "91527000", "totalOperatingExpense": "32075000", "costOfRevenue": "7943000", "grossProfit": "83584000", "ebit": "61140000", "netIncome": "45118000", "researchAndDevelopment": "0", "effectOfAccountingCharges": "None", "incomeBeforeTax": "45797000", "minorityInterest": "679000", "sellingGeneralAdministrative": "8668000", "otherNonOperatingIncome": "9631000", "operatingIncome": "51509000", "otherOperatingExpense": "23407000", "interestExpense": "15343000", "taxProvision": "153000", "interestIncome": "-15343000", "netInterestIncome": "-15343000", "extraordinaryItems": "None", "nonRecurring": "None", "otherItems": "None", "incomeTaxExpense": "153000", "totalOtherIncomeExpense": "9631000", "discontinuedOperations": "None", "netIncomeFromContinuingOperations": "45797000", "netIncomeApplicableToCommonShares": "45118000", "preferredStockAndOtherAdjustments": "None"}, {"fiscalDateEnding": "2015-12-31", "reportedCurrency": "USD", "totalRevenue": "69965866", "totalOperatingExpense": "24080083", "costOfRevenue": "5773100", "grossProfit": "64192766", "ebit": "52067852", "netIncome": "39017855", "researchAndDevelopment": "0", "effectOfAccountingCharges": "None", "incomeBeforeTax": "39762455", "minorityInterest": "744600", "sellingGeneralAdministrative": "7594209", "otherNonOperatingIncome": "11955169", "operatingIncome": "40112683", "otherOperatingExpense": "16485874", "interestExpense": "12305397", "taxProvision": "None", "interestIncome": "-12305400", "netInterestIncome": "None", "extraordinaryItems": "None", "nonRecurring": "None", "otherItems": "None", "incomeTaxExpense": "3000", "totalOtherIncomeExpense": "-351000", "discontinuedOperations": "None", "netIncomeFromContinuingOperations": "39762455", "netIncomeApplicableToCommonShares": "39017855", "preferredStockAndOtherAdjustments": "None"}], "quarterlyReports": [{"fiscalDateEnding": "2020-06-30", "reportedCurrency": "USD", "totalRevenue": "57535000", "totalOperatingExpense": "23507000", "costOfRevenue": "4840000", "grossProfit": "52695000", "ebit": "34163000", "netIncome": "25258000", "researchAndDevelopment": "None", "effectOfAccountingCharges": "None", "incomeBeforeTax": "25684000", "minorityInterest": "166000", "sellingGeneralAdministrative": "4587000", "otherNonOperatingIncome": "4975000", "operatingIncome": "29188000", "otherOperatingExpense": "17792000", "interestExpense": "8479000", "taxProvision": "260000", "interestIncome": "-8479000", "netInterestIncome": "-8479000", "extraordinaryItems": "None", "nonRecurring": "1128000", "otherItems": "None", "incomeTaxExpense": "260000", "totalOtherIncomeExpense": "3847000", "discontinuedOperations": "None", "netIncomeFromContinuingOperations": "25424000", "netIncomeApplicableToCommonShares": "25258000", "preferredStockAndOtherAdjustments": "None"}, {"fiscalDateEnding": "2020-03-31", "reportedCurrency": "USD", "totalRevenue": "55809000", "totalOperatingExpense": "21453000", "costOfRevenue": "4702000", "grossProfit": "51107000", "ebit": "31299000", "netIncome": "21229000", "researchAndDevelopment": "None", "effectOfAccountingCharges": "None", "incomeBeforeTax": "21630000", "minorityInterest": "141000", "sellingGeneralAdministrative": "4658000", "otherNonOperatingIncome": "1645000", "operatingIncome": "29654000", "otherOperatingExpense": "16795000", "interestExpense": "9669000", "taxProvision": "260000", "interestIncome": "-9669000", "netInterestIncome": "-9669000", "extraordinaryItems": "None", "nonRecurring": "None", "otherItems": "None", "incomeTaxExpense": "260000", "totalOtherIncomeExpense": "1645000", "discontinuedOperations": "None", "netIncomeFromContinuingOperations": "21370000", "netIncomeApplicableToCommonShares": "21229000", "preferredStockAndOtherAdjustments": "None"}, {"fiscalDateEnding": "2019-12-31", "reportedCurrency": "USD", "totalRevenue": "52135000", "totalOperatingExpense": "20901000", "costOfRevenue": "2765000", "grossProfit": "49370000", "ebit": "32802000", "netIncome": "22559000", "researchAndDevelopment": "None", "effectOfAccountingCharges": "None", "incomeBeforeTax": "23073000", "minorityInterest": "185000", "sellingGeneralAdministrative": "3624000", "otherNonOperatingIncome": "4333000", "operatingIncome": "28469000", "otherOperatingExpense": "17277000", "interestExpense": "9729000", "taxProvision": "328000", "interestIncome": "-9731000", "netInterestIncome": "-9731000", "extraordinaryItems": "None", "nonRecurring": "None", "otherItems": "None", "incomeTaxExpense": "329000", "totalOtherIncomeExpense": "4333000", "discontinuedOperations": "None", "netIncomeFromContinuingOperations": "22744000", "netIncomeApplicableToCommonShares": "22559000", "preferredStockAndOtherAdjustments": "None"}, {"fiscalDateEnding": "2019-09-30", "reportedCurrency": "USD", "totalRevenue": "48075000", "totalOperatingExpense": "17681000", "costOfRevenue": "3674000", "grossProfit": "44401000", "ebit": "29317000", "netIncome": "20611000", "researchAndDevelopment": "None", "effectOfAccountingCharges": "None", "incomeBeforeTax": "20965000", "minorityInterest": "170000", "sellingGeneralAdministrative": "3832000", "otherNonOperatingIncome": "2597000", "operatingIncome": "26720000", "otherOperatingExpense": "13849000", "interestExpense": "8352000", "taxProvision": "184000", "interestIncome": "-8352000", "netInterestIncome": "-8352000", "extraordinaryItems": "None", "nonRecurring": "None", "otherItems": "None", "incomeTaxExpense": "184000", "totalOtherIncomeExpense": "2597000", "discontinuedOperations": "None", "netIncomeFromContinuingOperations": "20781000", "netIncomeApplicableToCommonShares": "20611000", "preferredStockAndOtherAdjustments": "None"}, {"fiscalDateEnding": "2019-06-30", "reportedCurrency": "USD", "totalRevenue": "44920000", "totalOperatingExpense": "17777000", "costOfRevenue": "3720000", "grossProfit": "41200000", "ebit": "26372000", "netIncome": "18564000", "researchAndDevelopment": "None", "effectOfAccountingCharges": "None", "incomeBeforeTax": "18917000", "minorityInterest": "158000", "sellingGeneralAdministrative": "3880000", "otherNonOperatingIncome": "2949000", "operatingIncome": "23423000", "otherOperatingExpense": "12704000", "interestExpense": "7455000", "taxProvision": "195000", "interestIncome": "-7455000", "netInterestIncome": "-7455000", "extraordinaryItems": "None", "nonRecurring": "1193000", "otherItems": "None", "incomeTaxExpense": "195000", "totalOtherIncomeExpense": "1756000", "discontinuedOperations": "None", "netIncomeFromContinuingOperations": "18722000", "netIncomeApplicableToCommonShares": "18564000", "preferredStockAndOtherAdjustments": "None"}, {"fiscalDateEnding": "2019-03-31", "reportedCurrency": "USD", "totalRevenue": "42348000", "totalOperatingExpense": "14510000", "costOfRevenue": "5361000", "grossProfit": "36987000", "ebit": "25904000", "netIncome": "18347000", "researchAndDevelopment": "None", "effectOfAccountingCharges": "None", "incomeBeforeTax": "18346000", "minorityInterest": "169000", "sellingGeneralAdministrative": "4230000", "otherNonOperatingIncome": "3427000", "operatingIncome": "22477000", "otherOperatingExpense": "9864000", "interestExpense": "7558000", "taxProvision": "-170000", "interestIncome": "None", "netInterestIncome": "-7558000", "extraordinaryItems": "None", "nonRecurring": "416000", "otherItems": "None", "incomeTaxExpense": "-170000", "totalOtherIncomeExpense": "3011000", "discontinuedOperations": "None", "netIncomeFromContinuingOperations": "18516000", "netIncomeApplicableToCommonShares": "18347000", "preferredStockAndOtherAdjustments": "None"}, {"fiscalDateEnding": "2018-12-31", "reportedCurrency": "USD", "totalRevenue": "40609000", "totalOperatingExpense": "15928000", "costOfRevenue": "4541000", "grossProfit": "36068000", "ebit": "18720000", "netIncome": "13212000", "researchAndDevelopment": "0", "effectOfAccountingCharges": "0", "incomeBeforeTax": "11812000", "minorityInterest": "126000", "sellingGeneralAdministrative": "3305000", "otherNonOperatingIncome": "231000", "operatingIncome": "18489000", "otherOperatingExpense": "11955000", "interestExpense": "6908000", "taxProvision": "None", "interestIncome": "None", "netInterestIncome": "None", "extraordinaryItems": "0", "nonRecurring": "668000", "otherItems": "0", "incomeTaxExpense": "125000", "totalOtherIncomeExpense": "-7344000", "discontinuedOperations": "0", "netIncomeFromContinuingOperations": "11687000", "netIncomeApplicableToCommonShares": "13212000", "preferredStockAndOtherAdjustments": "None"}, {"fiscalDateEnding": "2018-09-30", "reportedCurrency": "USD", "totalRevenue": "37306000", "totalOperatingExpense": "14787000", "costOfRevenue": "4070000", "grossProfit": "33236000", "ebit": "22907000", "netIncome": "15586000", "researchAndDevelopment": "0", "effectOfAccountingCharges": "0", "incomeBeforeTax": "16369000", "minorityInterest": "170000", "sellingGeneralAdministrative": "3119000", "otherNonOperatingIncome": "3970000", "operatingIncome": "18937000", "otherOperatingExpense": "11180000", "interestExpense": "6538000", "taxProvision": "None", "interestIncome": "None", "netInterestIncome": "None", "extraordinaryItems": "0", "nonRecurring": "488000", "otherItems": "0", "incomeTaxExpense": "125000", "totalOtherIncomeExpense": "-3056000", "discontinuedOperations": "0", "netIncomeFromContinuingOperations": "16244000", "netIncomeApplicableToCommonShares": "15586000", "preferredStockAndOtherAdjustments": "None"}, {"fiscalDateEnding": "2018-06-30", "reportedCurrency": "USD", "totalRevenue": "35711000", "totalOperatingExpense": "15083000", "costOfRevenue": "3862000", "grossProfit": "31849000", "ebit": "20408000", "netIncome": "12923000", "researchAndDevelopment": "0", "effectOfAccountingCharges": "0", "incomeBeforeTax": "14447000", "minorityInterest": "145000", "sellingGeneralAdministrative": "3361000", "otherNonOperatingIncome": "2479000", "operatingIncome": "17929000", "otherOperatingExpense": "10559000", "interestExpense": "5961000", "taxProvision": "None", "interestIncome": "None", "netInterestIncome": "None", "extraordinaryItems": "0", "nonRecurring": "1163000", "otherItems": "0", "incomeTaxExpense": "216000", "totalOtherIncomeExpense": "-4645000", "discontinuedOperations": "0", "netIncomeFromContinuingOperations": "14231000", "netIncomeApplicableToCommonShares": "12923000", "preferredStockAndOtherAdjustments": "None"}, {"fiscalDateEnding": "2018-03-31", "reportedCurrency": "USD", "totalRevenue": "34569000", "totalOperatingExpense": "13029000", "costOfRevenue": "3893000", "grossProfit": "30676000", "ebit": "22151000", "netIncome": "16451000", "researchAndDevelopment": "0", "effectOfAccountingCharges": "0", "incomeBeforeTax": "16686000", "minorityInterest": "185000", "sellingGeneralAdministrative": "3025000", "otherNonOperatingIncome": "4504000", "operatingIncome": "17647000", "otherOperatingExpense": "10004000", "interestExpense": "5465000", "taxProvision": "None", "interestIncome": "None", "netInterestIncome": "None", "extraordinaryItems": "0", "nonRecurring": "0", "otherItems": "0", "incomeTaxExpense": "50000", "totalOtherIncomeExpense": "-961000", "discontinuedOperations": "0", "netIncomeFromContinuingOperations": "16636000", "netIncomeApplicableToCommonShares": "16451000", "preferredStockAndOtherAdjustments": "None"}, {"fiscalDateEnding": "2017-12-31", "reportedCurrency": "USD", "totalRevenue": "31528000", "totalOperatingExpense": "11245000", "costOfRevenue": "3183000", "grossProfit": "28345000", "ebit": "21594000", "netIncome": "16496000", "researchAndDevelopment": "0", "effectOfAccountingCharges": "0", "incomeBeforeTax": "16672000", "minorityInterest": "176000", "sellingGeneralAdministrative": "2450000", "otherNonOperatingIncome": "4494000", "operatingIncome": "17100000", "otherOperatingExpense": "8795000", "interestExpense": "4922000", "taxProvision": "None", "interestIncome": "None", "netInterestIncome": "None", "extraordinaryItems": "0", "nonRecurring": "0", "otherItems": "0", "incomeTaxExpense": "-37000", "totalOtherIncomeExpense": "-3397000", "discontinuedOperations": "0", "netIncomeFromContinuingOperations": "16672000", "netIncomeApplicableToCommonShares": "16496000", "preferredStockAndOtherAdjustments": "None"}, {"fiscalDateEnding": "2017-09-30", "reportedCurrency": "USD", "totalRevenue": "30387000", "totalOperatingExpense": "10882000", "costOfRevenue": "3080000", "grossProfit": "27307000", "ebit": "16949000", "netIncome": "12165000", "researchAndDevelopment": "0", "effectOfAccountingCharges": "0", "incomeBeforeTax": "12283000", "minorityInterest": "118000", "sellingGeneralAdministrative": "2654000", "otherNonOperatingIncome": "524000", "operatingIncome": "16425000", "otherOperatingExpense": "8228000", "interestExpense": "4666000", "taxProvision": "None", "interestIncome": "None", "netInterestIncome": "None", "extraordinaryItems": "0", "nonRecurring": "0", "otherItems": "0", "incomeTaxExpense": "37000", "totalOtherIncomeExpense": "0", "discontinuedOperations": "0", "netIncomeFromContinuingOperations": "12283000", "netIncomeApplicableToCommonShares": "12165000", "preferredStockAndOtherAdjustments": "None"}, {"fiscalDateEnding": "2017-06-30", "reportedCurrency": "USD", "totalRevenue": "28080000", "totalOperatingExpense": "10436000", "costOfRevenue": "2946000", "grossProfit": "25134000", "ebit": "19478000", "netIncome": "14876000", "researchAndDevelopment": "0", "effectOfAccountingCharges": "0", "incomeBeforeTax": "15067000", "minorityInterest": "191000", "sellingGeneralAdministrative": "2732000", "otherNonOperatingIncome": "4780000", "operatingIncome": "14698000", "otherOperatingExpense": "7704000", "interestExpense": "4411000", "taxProvision": "None", "interestIncome": "None", "netInterestIncome": "None", "extraordinaryItems": "0", "nonRecurring": "0", "otherItems": "0", "incomeTaxExpense": "207000", "totalOtherIncomeExpense": "0", "discontinuedOperations": "0", "netIncomeFromContinuingOperations": "15067000", "netIncomeApplicableToCommonShares": "14876000", "preferredStockAndOtherAdjustments": "None"}, {"fiscalDateEnding": "2017-03-31", "reportedCurrency": "USD", "totalRevenue": "26560000", "totalOperatingExpense": "9791000", "costOfRevenue": "2605000", "grossProfit": "23955000", "ebit": "18906000", "netIncome": "14575000", "researchAndDevelopment": "0", "effectOfAccountingCharges": "0", "incomeBeforeTax": "14768000", "minorityInterest": "193000", "sellingGeneralAdministrative": "2766000", "otherNonOperatingIncome": "4742000", "operatingIncome": "14164000", "otherOperatingExpense": "7025000", "interestExpense": "4138000", "taxProvision": "None", "interestIncome": "None", "netInterestIncome": "None", "extraordinaryItems": "0", "nonRecurring": "0", "otherItems": "0", "incomeTaxExpense": "122000", "totalOtherIncomeExpense": "0", "discontinuedOperations": "0", "netIncomeFromContinuingOperations": "14768000", "netIncomeApplicableToCommonShares": "14575000", "preferredStockAndOtherAdjustments": "None"}, {"fiscalDateEnding": "2016-12-31", "reportedCurrency": "USD", "totalRevenue": "25298322", "totalOperatingExpense": "8577383", "costOfRevenue": "2238833", "grossProfit": "23059489", "ebit": "17013203", "netIncome": "12732837", "researchAndDevelopment": "0", "effectOfAccountingCharges": "0", "incomeBeforeTax": "12906349", "minorityInterest": "173512", "sellingGeneralAdministrative": "2071334", "otherNonOperatingIncome": "2531097", "operatingIncome": "14482106", "otherOperatingExpense": "6506049", "interestExpense": "4106854", "taxProvision": "None", "interestIncome": "None", "netInterestIncome": "None", "extraordinaryItems": "0", "nonRecurring": "0", "otherItems": "0", "incomeTaxExpense": "149000", "totalOtherIncomeExpense": "-5712000", "discontinuedOperations": "0", "netIncomeFromContinuingOperations": "13352081", "netIncomeApplicableToCommonShares": "12732837", "preferredStockAndOtherAdjustments": "None"}, {"fiscalDateEnding": "2016-09-30", "reportedCurrency": "USD", "totalRevenue": "24161000", "totalOperatingExpense": "8334000", "costOfRevenue": "1642000", "grossProfit": "22519000", "ebit": "18567000", "netIncome": "14263000", "researchAndDevelopment": "0", "effectOfAccountingCharges": "0", "incomeBeforeTax": "14476000", "minorityInterest": "213000", "sellingGeneralAdministrative": "2019000", "otherNonOperatingIncome": "4382000", "operatingIncome": "14185000", "otherOperatingExpense": "6151000", "interestExpense": "4105000", "taxProvision": "None", "interestIncome": "None", "netInterestIncome": "None", "extraordinaryItems": "0", "nonRecurring": "0", "otherItems": "0", "incomeTaxExpense": "229000", "totalOtherIncomeExpense": "0", "discontinuedOperations": "0", "netIncomeFromContinuingOperations": "14247000", "netIncomeApplicableToCommonShares": "14263000", "preferredStockAndOtherAdjustments": "None"}, {"fiscalDateEnding": "2016-06-30", "reportedCurrency": "USD", "totalRevenue": "21843820", "totalOperatingExpense": "7870065", "costOfRevenue": "2366477", "grossProfit": "19477343", "ebit": "14325181", "netIncome": "10661330", "researchAndDevelopment": "0", "effectOfAccountingCharges": "0", "incomeBeforeTax": "10828326", "minorityInterest": "166996", "sellingGeneralAdministrative": "2205364", "otherNonOperatingIncome": "2717903", "operatingIncome": "11607278", "otherOperatingExpense": "5664701", "interestExpense": "3496855", "taxProvision": "None", "interestIncome": "None", "netInterestIncome": "None", "extraordinaryItems": "0", "nonRecurring": "0", "otherItems": "0", "incomeTaxExpense": "139801", "totalOtherIncomeExpense": "0", "discontinuedOperations": "0", "netIncomeFromContinuingOperations": "10688525", "netIncomeApplicableToCommonShares": "10661330", "preferredStockAndOtherAdjustments": "None"}, {"fiscalDateEnding": "2016-03-31", "reportedCurrency": "USD", "totalRevenue": "20223858", "totalOperatingExpense": "7293552", "costOfRevenue": "1695690", "grossProfit": "18528168", "ebit": "11234616", "netIncome": "7460833", "researchAndDevelopment": "0", "effectOfAccountingCharges": "0", "incomeBeforeTax": "7586325", "minorityInterest": "125492", "sellingGeneralAdministrative": "2208302", "otherNonOperatingIncome": "None", "operatingIncome": "11234616", "otherOperatingExpense": "5085250", "interestExpense": "3648291", "taxProvision": "None", "interestIncome": "None", "netInterestIncome": "None", "extraordinaryItems": "0", "nonRecurring": "0", "otherItems": "0", "incomeTaxExpense": "76931", "totalOtherIncomeExpense": "0", "discontinuedOperations": "0", "netIncomeFromContinuingOperations": "7509394", "netIncomeApplicableToCommonShares": "7460833", "preferredStockAndOtherAdjustments": "None"}, {"fiscalDateEnding": "2015-12-31", "reportedCurrency": "USD", "totalRevenue": "19153547", "totalOperatingExpense": "5260040", "costOfRevenue": "2019742", "grossProfit": "17133805", "ebit": "11874230", "netIncome": "7790430", "researchAndDevelopment": "0", "effectOfAccountingCharges": "0", "incomeBeforeTax": "7927176", "minorityInterest": "136746", "sellingGeneralAdministrative": "1970830", "otherNonOperatingIncome": "465", "operatingIncome": "11873765", "otherOperatingExpense": "3289210", "interestExpense": "3947054", "taxProvision": "None", "interestIncome": "None", "netInterestIncome": "None", "extraordinaryItems": "0", "nonRecurring": "0", "otherItems": "0", "incomeTaxExpense": "0", "totalOtherIncomeExpense": "-351000", "discontinuedOperations": "0", "netIncomeFromContinuingOperations": "7927176", "netIncomeApplicableToCommonShares": "7790430", "preferredStockAndOtherAdjustments": "None"}, {"fiscalDateEnding": "2015-09-30", "reportedCurrency": "USD", "totalRevenue": "17849812", "totalOperatingExpense": "7468509", "costOfRevenue": "1139981", "grossProfit": "16709831", "ebit": "17840583", "netIncome": "14595463", "researchAndDevelopment": "0", "effectOfAccountingCharges": "0", "incomeBeforeTax": "14876264", "minorityInterest": "280801", "sellingGeneralAdministrative": "1942608", "otherNonOperatingIncome": "8599261", "operatingIncome": "9241322", "otherOperatingExpense": "5525901", "interestExpense": "2964319", "taxProvision": "None", "interestIncome": "None", "netInterestIncome": "None", "extraordinaryItems": "0", "nonRecurring": "0", "otherItems": "0", "incomeTaxExpense": "-8000", "totalOtherIncomeExpense": "0", "discontinuedOperations": "0", "netIncomeFromContinuingOperations": "14876264", "netIncomeApplicableToCommonShares": "14595463", "preferredStockAndOtherAdjustments": "None"}, {"fiscalDateEnding": "2015-06-30", "reportedCurrency": "USD", "totalRevenue": "17219451", "totalOperatingExpense": "5998490", "costOfRevenue": "1279064", "grossProfit": "15940387", "ebit": "13398103", "netIncome": "10263597", "researchAndDevelopment": "0", "effectOfAccountingCharges": "0", "incomeBeforeTax": "10464834", "minorityInterest": "201237", "sellingGeneralAdministrative": "1881308", "otherNonOperatingIncome": "3456206", "operatingIncome": "9941897", "otherOperatingExpense": "4117182", "interestExpense": "2933269", "taxProvision": "None", "interestIncome": "None", "netInterestIncome": "None", "extraordinaryItems": "0", "nonRecurring": "0", "otherItems": "0", "incomeTaxExpense": "8000", "totalOtherIncomeExpense": "0", "discontinuedOperations": "0", "netIncomeFromContinuingOperations": "10464834", "netIncomeApplicableToCommonShares": "10263597", "preferredStockAndOtherAdjustments": "None"}]}