{"symbol": "ADMA", "annualReports": [{"fiscalDateEnding": "2019-12-31", "reportedCurrency": "USD", "totalRevenue": "29349083", "totalOperatingExpense": "70773410", "costOfRevenue": "39504238", "grossProfit": "29349083", "ebit": "-39285938", "netIncome": "-48279317", "researchAndDevelopment": "2343848", "effectOfAccountingCharges": "None", "incomeBeforeTax": "-48279317", "minorityInterest": "None", "sellingGeneralAdministrative": "67584624", "otherNonOperatingIncome": "2138389", "operatingIncome": "-41424327", "otherOperatingExpense": "844938", "interestExpense": "8993379", "taxProvision": "None", "interestIncome": "800785", "netInterestIncome": "-8192594", "extraordinaryItems": "None", "nonRecurring": "None", "otherItems": "None", "incomeTaxExpense": "None", "totalOtherIncomeExpense": "1337604", "discontinuedOperations": "None", "netIncomeFromContinuingOperations": "-48279317", "netIncomeApplicableToCommonShares": "-48279317", "preferredStockAndOtherAdjustments": "None"}, {"fiscalDateEnding": "2018-12-31", "reportedCurrency": "USD", "totalRevenue": "16985290", "totalOperatingExpense": "77274234", "costOfRevenue": "42194635", "grossProfit": "16985290", "ebit": "-60220662", "netIncome": "-65743445", "researchAndDevelopment": "3926120", "effectOfAccountingCharges": "None", "incomeBeforeTax": "-65743445", "minorityInterest": "None", "sellingGeneralAdministrative": "72503176", "otherNonOperatingIncome": "68282", "operatingIncome": "-60288944", "otherOperatingExpense": "844938", "interestExpense": "5522783", "taxProvision": "None", "interestIncome": "195403", "netInterestIncome": "-5327380", "extraordinaryItems": "None", "nonRecurring": "None", "otherItems": "None", "incomeTaxExpense": "0", "totalOtherIncomeExpense": "-127121", "discontinuedOperations": "None", "netIncomeFromContinuingOperations": "-65743445", "netIncomeApplicableToCommonShares": "-65743445", "preferredStockAndOtherAdjustments": "None"}, {"fiscalDateEnding": "2017-12-31", "reportedCurrency": "USD", "totalRevenue": "22760560", "totalOperatingExpense": "62070556", "costOfRevenue": "29164321", "grossProfit": "22760560", "ebit": "-40473128", "netIncome": "-43758975", "researchAndDevelopment": "6229587", "effectOfAccountingCharges": "None", "incomeBeforeTax": "-43758975", "minorityInterest": "None", "sellingGeneralAdministrative": "24596585", "otherNonOperatingIncome": "-1163132", "operatingIncome": "-39309996", "otherOperatingExpense": "30398995", "interestExpense": "3285847", "taxProvision": "None", "interestIncome": "57228", "netInterestIncome": "-3228619", "extraordinaryItems": "None", "nonRecurring": "845389", "otherItems": "None", "incomeTaxExpense": "0", "totalOtherIncomeExpense": "-2065749", "discontinuedOperations": "None", "netIncomeFromContinuingOperations": "-43758975", "netIncomeApplicableToCommonShares": "-43758975", "preferredStockAndOtherAdjustments": "None"}, {"fiscalDateEnding": "2016-12-31", "reportedCurrency": "USD", "totalRevenue": "10661037", "totalOperatingExpense": "27991432", "costOfRevenue": "6360761", "grossProfit": "10661037", "ebit": "-17275582", "netIncome": "-19515151", "researchAndDevelopment": "7688238", "effectOfAccountingCharges": "None", "incomeBeforeTax": "-19515151", "minorityInterest": "None", "sellingGeneralAdministrative": "13942433", "otherNonOperatingIncome": "54813", "operatingIncome": "-17330395", "otherOperatingExpense": "6360761", "interestExpense": "2239569", "taxProvision": "None", "interestIncome": "50317", "netInterestIncome": "-2189252", "extraordinaryItems": "None", "nonRecurring": "845389", "otherItems": "None", "incomeTaxExpense": "0", "totalOtherIncomeExpense": "4496", "discontinuedOperations": "None", "netIncomeFromContinuingOperations": "-19515151", "netIncomeApplicableToCommonShares": "-19515151", "preferredStockAndOtherAdjustments": "None"}, {"fiscalDateEnding": "2015-12-31", "reportedCurrency": "USD", "totalRevenue": "7177633", "totalOperatingExpense": "22691440", "costOfRevenue": "4311460", "grossProfit": "7177633", "ebit": "-16127214", "netIncome": "-17969930", "researchAndDevelopment": "7015946", "effectOfAccountingCharges": "None", "incomeBeforeTax": "-17969930", "minorityInterest": "None", "sellingGeneralAdministrative": "11364033", "otherNonOperatingIncome": "-613407", "operatingIncome": "-15513807", "otherOperatingExpense": "4311461", "interestExpense": "1842716", "taxProvision": "None", "interestIncome": "-1737030", "netInterestIncome": "None", "extraordinaryItems": "None", "nonRecurring": "845389", "otherItems": "None", "incomeTaxExpense": "0", "totalOtherIncomeExpense": "-2456123", "discontinuedOperations": "None", "netIncomeFromContinuingOperations": "-17969930", "netIncomeApplicableToCommonShares": "-17969930", "preferredStockAndOtherAdjustments": "None"}], "quarterlyReports": [{"fiscalDateEnding": "2020-06-30", "reportedCurrency": "USD", "totalRevenue": "7787594", "totalOperatingExpense": "24911419", "costOfRevenue": "13495629", "grossProfit": "7787594", "ebit": "-17110785", "netIncome": "-20178091", "researchAndDevelopment": "1656420", "effectOfAccountingCharges": "None", "incomeBeforeTax": "-20178091", "minorityInterest": "None", "sellingGeneralAdministrative": "23076161", "otherNonOperatingIncome": "13040", "operatingIncome": "-17123825", "otherOperatingExpense": "178838", "interestExpense": "3067306", "taxProvision": "None", "interestIncome": "19411", "netInterestIncome": "-3047895", "extraordinaryItems": "None", "nonRecurring": "None", "otherItems": "None", "incomeTaxExpense": "None", "totalOtherIncomeExpense": "-6371", "discontinuedOperations": "None", "netIncomeFromContinuingOperations": "-20178091", "netIncomeApplicableToCommonShares": "-20178091", "preferredStockAndOtherAdjustments": "None"}, {"fiscalDateEnding": "2020-03-31", "reportedCurrency": "USD", "totalRevenue": "10199744", "totalOperatingExpense": "26969530", "costOfRevenue": "16829226", "grossProfit": "10199744", "ebit": "-16528139", "netIncome": "-19245230", "researchAndDevelopment": "1528738", "effectOfAccountingCharges": "None", "incomeBeforeTax": "-19245230", "minorityInterest": "None", "sellingGeneralAdministrative": "25261954", "otherNonOperatingIncome": "241647", "operatingIncome": "-16769786", "otherOperatingExpense": "178838", "interestExpense": "2717091", "taxProvision": "None", "interestIncome": "248068", "netInterestIncome": "-2469023", "extraordinaryItems": "None", "nonRecurring": "None", "otherItems": "None", "incomeTaxExpense": "None", "totalOtherIncomeExpense": "-6421", "discontinuedOperations": "None", "netIncomeFromContinuingOperations": "-19245230", "netIncomeApplicableToCommonShares": "-19245230", "preferredStockAndOtherAdjustments": "None"}, {"fiscalDateEnding": "2019-12-31", "reportedCurrency": "USD", "totalRevenue": "12037049", "totalOperatingExpense": "19863858", "costOfRevenue": "11691603", "grossProfit": "12037049", "ebit": "-7830141", "netIncome": "-10561031", "researchAndDevelopment": "464823", "effectOfAccountingCharges": "None", "incomeBeforeTax": "-10561031", "minorityInterest": "None", "sellingGeneralAdministrative": "19187801", "otherNonOperatingIncome": "-3332", "operatingIncome": "-7826809", "otherOperatingExpense": "211234", "interestExpense": "2730890", "taxProvision": "None", "interestIncome": "181682", "netInterestIncome": "-2549208", "extraordinaryItems": "None", "nonRecurring": "None", "otherItems": "None", "incomeTaxExpense": "None", "totalOtherIncomeExpense": "-185014", "discontinuedOperations": "None", "netIncomeFromContinuingOperations": "-10561031", "netIncomeApplicableToCommonShares": "-10561031", "preferredStockAndOtherAdjustments": "None"}, {"fiscalDateEnding": "2019-09-30", "reportedCurrency": "USD", "totalRevenue": "7222503", "totalOperatingExpense": "16272931", "costOfRevenue": "7916220", "grossProfit": "7222503", "ebit": "-8789055", "netIncome": "-11438459", "researchAndDevelopment": "491404", "effectOfAccountingCharges": "None", "incomeBeforeTax": "-11438459", "minorityInterest": "None", "sellingGeneralAdministrative": "15570292", "otherNonOperatingIncome": "261373", "operatingIncome": "-9050428", "otherOperatingExpense": "211235", "interestExpense": "2649404", "taxProvision": "None", "interestIncome": "281896", "netInterestIncome": "-2367508", "extraordinaryItems": "None", "nonRecurring": "None", "otherItems": "None", "incomeTaxExpense": "None", "totalOtherIncomeExpense": "-20523", "discontinuedOperations": "None", "netIncomeFromContinuingOperations": "-11438459", "netIncomeApplicableToCommonShares": "-11438459", "preferredStockAndOtherAdjustments": "None"}, {"fiscalDateEnding": "2019-06-30", "reportedCurrency": "USD", "totalRevenue": "6560942", "totalOperatingExpense": "17899616", "costOfRevenue": "10491236", "grossProfit": "6560942", "ebit": "-11139294", "netIncome": "-13211872", "researchAndDevelopment": "516986", "effectOfAccountingCharges": "None", "incomeBeforeTax": "-13211872", "minorityInterest": "None", "sellingGeneralAdministrative": "17171396", "otherNonOperatingIncome": "199380", "operatingIncome": "-11338674", "otherOperatingExpense": "211234", "interestExpense": "2072578", "taxProvision": "None", "interestIncome": "209808", "netInterestIncome": "-1862770", "extraordinaryItems": "None", "nonRecurring": "None", "otherItems": "None", "incomeTaxExpense": "None", "totalOtherIncomeExpense": "-10428", "discontinuedOperations": "None", "netIncomeFromContinuingOperations": "-13211872", "netIncomeApplicableToCommonShares": "-13211872", "preferredStockAndOtherAdjustments": "None"}, {"fiscalDateEnding": "2019-03-31", "reportedCurrency": "USD", "totalRevenue": "3528589", "totalOperatingExpense": "16737005", "costOfRevenue": "9405180", "grossProfit": "3528589", "ebit": "-11527448", "netIncome": "-13067955", "researchAndDevelopment": "870635", "effectOfAccountingCharges": "None", "incomeBeforeTax": "-13067955", "minorityInterest": "None", "sellingGeneralAdministrative": "15655135", "otherNonOperatingIncome": "1680968", "operatingIncome": "-13208416", "otherOperatingExpense": "211235", "interestExpense": "1540507", "taxProvision": "None", "interestIncome": "-1413110", "netInterestIncome": "-1413108", "extraordinaryItems": "None", "nonRecurring": "None", "otherItems": "None", "incomeTaxExpense": "None", "totalOtherIncomeExpense": "1553569", "discontinuedOperations": "None", "netIncomeFromContinuingOperations": "-13067955", "netIncomeApplicableToCommonShares": "-13067955", "preferredStockAndOtherAdjustments": "None"}, {"fiscalDateEnding": "2018-12-31", "reportedCurrency": "USD", "totalRevenue": "4056424", "totalOperatingExpense": "20604084", "costOfRevenue": "11142116", "grossProfit": "4056424", "ebit": "-16600019", "netIncome": "-18037987", "researchAndDevelopment": "-144920", "effectOfAccountingCharges": "0", "incomeBeforeTax": "-18037987", "minorityInterest": "0", "sellingGeneralAdministrative": "32780518", "otherNonOperatingIncome": "-52359", "operatingIncome": "-16547660", "otherOperatingExpense": "-12031514", "interestExpense": "1437968", "taxProvision": "None", "interestIncome": "None", "netInterestIncome": "None", "extraordinaryItems": "0", "nonRecurring": "0", "otherItems": "0", "incomeTaxExpense": "0", "totalOtherIncomeExpense": "-1490327", "discontinuedOperations": "0", "netIncomeFromContinuingOperations": "-18037987", "netIncomeApplicableToCommonShares": "-18037987", "preferredStockAndOtherAdjustments": "None"}, {"fiscalDateEnding": "2018-09-30", "reportedCurrency": "USD", "totalRevenue": "4230310", "totalOperatingExpense": "18021710", "costOfRevenue": "9164109", "grossProfit": "4230310", "ebit": "-13733010", "netIncome": "-15135485", "researchAndDevelopment": "1317234", "effectOfAccountingCharges": "0", "incomeBeforeTax": "-15135485", "minorityInterest": "0", "sellingGeneralAdministrative": "16493241", "otherNonOperatingIncome": "58390", "operatingIncome": "-13791400", "otherOperatingExpense": "211235", "interestExpense": "1402475", "taxProvision": "None", "interestIncome": "None", "netInterestIncome": "None", "extraordinaryItems": "0", "nonRecurring": "0", "otherItems": "0", "incomeTaxExpense": "0", "totalOtherIncomeExpense": "-1344085", "discontinuedOperations": "0", "netIncomeFromContinuingOperations": "-15135485", "netIncomeApplicableToCommonShares": "-15135485", "preferredStockAndOtherAdjustments": "None"}, {"fiscalDateEnding": "2018-06-30", "reportedCurrency": "USD", "totalRevenue": "4656550", "totalOperatingExpense": "18073931", "costOfRevenue": "9645662", "grossProfit": "4656550", "ebit": "-13388643", "netIncome": "-14747831", "researchAndDevelopment": "1472100", "effectOfAccountingCharges": "0", "incomeBeforeTax": "-14747831", "minorityInterest": "0", "sellingGeneralAdministrative": "16390597", "otherNonOperatingIncome": "28738", "operatingIncome": "-13417381", "otherOperatingExpense": "211234", "interestExpense": "1359188", "taxProvision": "None", "interestIncome": "None", "netInterestIncome": "None", "extraordinaryItems": "0", "nonRecurring": "0", "otherItems": "0", "incomeTaxExpense": "0", "totalOtherIncomeExpense": "-1330450", "discontinuedOperations": "0", "netIncomeFromContinuingOperations": "-14747831", "netIncomeApplicableToCommonShares": "-14747831", "preferredStockAndOtherAdjustments": "None"}, {"fiscalDateEnding": "2018-03-31", "reportedCurrency": "USD", "totalRevenue": "4042006", "totalOperatingExpense": "20574509", "costOfRevenue": "12242748", "grossProfit": "4042006", "ebit": "-16498990", "netIncome": "-17822142", "researchAndDevelopment": "1281706", "effectOfAccountingCharges": "0", "incomeBeforeTax": "-17822142", "minorityInterest": "0", "sellingGeneralAdministrative": "6838820", "otherNonOperatingIncome": "33513", "operatingIncome": "-16532503", "otherOperatingExpense": "12453983", "interestExpense": "1323152", "taxProvision": "None", "interestIncome": "None", "netInterestIncome": "None", "extraordinaryItems": "0", "nonRecurring": "0", "otherItems": "0", "incomeTaxExpense": "0", "totalOtherIncomeExpense": "-1289639", "discontinuedOperations": "0", "netIncomeFromContinuingOperations": "-17822142", "netIncomeApplicableToCommonShares": "-17822142", "preferredStockAndOtherAdjustments": "None"}, {"fiscalDateEnding": "2017-12-31", "reportedCurrency": "USD", "totalRevenue": "12002877", "totalOperatingExpense": "22546242", "costOfRevenue": "11350000", "grossProfit": "12002877", "ebit": "-11740937", "netIncome": "-12982802", "researchAndDevelopment": "1864382", "effectOfAccountingCharges": "0", "incomeBeforeTax": "-12982802", "minorityInterest": "0", "sellingGeneralAdministrative": "7025747", "otherNonOperatingIncome": "-1197572", "operatingIncome": "-10543365", "otherOperatingExpense": "12810724", "interestExpense": "1241865", "taxProvision": "None", "interestIncome": "None", "netInterestIncome": "None", "extraordinaryItems": "0", "nonRecurring": "845389", "otherItems": "0", "incomeTaxExpense": "0", "totalOtherIncomeExpense": "-2721486", "discontinuedOperations": "0", "netIncomeFromContinuingOperations": "-12982802", "netIncomeApplicableToCommonShares": "-12982802", "preferredStockAndOtherAdjustments": "None"}, {"fiscalDateEnding": "2017-09-30", "reportedCurrency": "USD", "totalRevenue": "4729411", "totalOperatingExpense": "19157171", "costOfRevenue": "10729000", "grossProfit": "4729411", "ebit": "-14419746", "netIncome": "-15202715", "researchAndDevelopment": "1814069", "effectOfAccountingCharges": "0", "incomeBeforeTax": "-15202715", "minorityInterest": "0", "sellingGeneralAdministrative": "5778158", "otherNonOperatingIncome": "8014", "operatingIncome": "-14427760", "otherOperatingExpense": "11564944", "interestExpense": "782969", "taxProvision": "None", "interestIncome": "None", "netInterestIncome": "None", "extraordinaryItems": "0", "nonRecurring": "30434004", "otherItems": "0", "incomeTaxExpense": "0", "totalOtherIncomeExpense": "-5330", "discontinuedOperations": "0", "netIncomeFromContinuingOperations": "-15202715", "netIncomeApplicableToCommonShares": "-15202715", "preferredStockAndOtherAdjustments": "None"}, {"fiscalDateEnding": "2017-06-30", "reportedCurrency": "USD", "totalRevenue": "3399401", "totalOperatingExpense": "11801269", "costOfRevenue": "4130000", "grossProfit": "3399401", "ebit": "-8394010", "netIncome": "-9036495", "researchAndDevelopment": "1358409", "effectOfAccountingCharges": "0", "incomeBeforeTax": "-9036495", "minorityInterest": "0", "sellingGeneralAdministrative": "6035820", "otherNonOperatingIncome": "7858", "operatingIncome": "-8401868", "otherOperatingExpense": "4407040", "interestExpense": "642485", "taxProvision": "None", "interestIncome": "None", "netInterestIncome": "None", "extraordinaryItems": "0", "nonRecurring": "-7608501", "otherItems": "0", "incomeTaxExpense": "0", "totalOtherIncomeExpense": "386381", "discontinuedOperations": "0", "netIncomeFromContinuingOperations": "-9036495", "netIncomeApplicableToCommonShares": "-9036495", "preferredStockAndOtherAdjustments": "None"}, {"fiscalDateEnding": "2017-03-31", "reportedCurrency": "USD", "totalRevenue": "2628871", "totalOperatingExpense": "8565874", "costOfRevenue": "1498000", "grossProfit": "2628871", "ebit": "-5918435", "netIncome": "-6536963", "researchAndDevelopment": "1192727", "effectOfAccountingCharges": "0", "incomeBeforeTax": "-6536963", "minorityInterest": "0", "sellingGeneralAdministrative": "5756860", "otherNonOperatingIncome": "18568", "operatingIncome": "-5937003", "otherOperatingExpense": "1616287", "interestExpense": "618528", "taxProvision": "None", "interestIncome": "None", "netInterestIncome": "None", "extraordinaryItems": "0", "nonRecurring": "845389", "otherItems": "0", "incomeTaxExpense": "0", "totalOtherIncomeExpense": "-453933", "discontinuedOperations": "0", "netIncomeFromContinuingOperations": "-6536963", "netIncomeApplicableToCommonShares": "-6536963", "preferredStockAndOtherAdjustments": "None"}, {"fiscalDateEnding": "2016-12-31", "reportedCurrency": "USD", "totalRevenue": "3327544", "totalOperatingExpense": "7271681", "costOfRevenue": "1897000", "grossProfit": "3327544", "ebit": "-3930950", "netIncome": "-4559108", "researchAndDevelopment": "583374", "effectOfAccountingCharges": "0", "incomeBeforeTax": "-4559108", "minorityInterest": "0", "sellingGeneralAdministrative": "4673979", "otherNonOperatingIncome": "13187", "operatingIncome": "-3944137", "otherOperatingExpense": "2014328", "interestExpense": "628158", "taxProvision": "None", "interestIncome": "None", "netInterestIncome": "None", "extraordinaryItems": "0", "nonRecurring": "845389", "otherItems": "0", "incomeTaxExpense": "0", "totalOtherIncomeExpense": "-2753102", "discontinuedOperations": "0", "netIncomeFromContinuingOperations": "-4559108", "netIncomeApplicableToCommonShares": "-4559108", "preferredStockAndOtherAdjustments": "None"}, {"fiscalDateEnding": "2016-09-30", "reportedCurrency": "USD", "totalRevenue": "2937863", "totalOperatingExpense": "6674735", "costOfRevenue": "1618000", "grossProfit": "2937863", "ebit": "-3725267", "netIncome": "-4331239", "researchAndDevelopment": "1677263", "effectOfAccountingCharges": "0", "incomeBeforeTax": "-4331239", "minorityInterest": "0", "sellingGeneralAdministrative": "3261701", "otherNonOperatingIncome": "11605", "operatingIncome": "-3736872", "otherOperatingExpense": "1735771", "interestExpense": "605972", "taxProvision": "None", "interestIncome": "None", "netInterestIncome": "None", "extraordinaryItems": "0", "nonRecurring": "0", "otherItems": "0", "incomeTaxExpense": "0", "totalOtherIncomeExpense": "1731059", "discontinuedOperations": "0", "netIncomeFromContinuingOperations": "-4331239", "netIncomeApplicableToCommonShares": "-4331239", "preferredStockAndOtherAdjustments": "None"}, {"fiscalDateEnding": "2016-06-30", "reportedCurrency": "USD", "totalRevenue": "2271744", "totalOperatingExpense": "7762594", "costOfRevenue": "1228000", "grossProfit": "2271744", "ebit": "-5474337", "netIncome": "-6012335", "researchAndDevelopment": "3399889", "effectOfAccountingCharges": "0", "incomeBeforeTax": "-6012335", "minorityInterest": "0", "sellingGeneralAdministrative": "3018464", "otherNonOperatingIncome": "16513", "operatingIncome": "-5490850", "otherOperatingExpense": "1344241", "interestExpense": "537998", "taxProvision": "None", "interestIncome": "None", "netInterestIncome": "None", "extraordinaryItems": "0", "nonRecurring": "0", "otherItems": "0", "incomeTaxExpense": "0", "totalOtherIncomeExpense": "-1162713", "discontinuedOperations": "0", "netIncomeFromContinuingOperations": "-6012335", "netIncomeApplicableToCommonShares": "-6012335", "preferredStockAndOtherAdjustments": "None"}, {"fiscalDateEnding": "2016-03-31", "reportedCurrency": "USD", "totalRevenue": "2123886", "totalOperatingExpense": "6282422", "costOfRevenue": "1148000", "grossProfit": "2123886", "ebit": "-4145028", "netIncome": "-4612469", "researchAndDevelopment": "2027712", "effectOfAccountingCharges": "0", "incomeBeforeTax": "-4612469", "minorityInterest": "0", "sellingGeneralAdministrative": "2988289", "otherNonOperatingIncome": "13508", "operatingIncome": "-4158536", "otherOperatingExpense": "1266421", "interestExpense": "467441", "taxProvision": "None", "interestIncome": "None", "netInterestIncome": "None", "extraordinaryItems": "0", "nonRecurring": "0", "otherItems": "0", "incomeTaxExpense": "0", "totalOtherIncomeExpense": "0", "discontinuedOperations": "0", "netIncomeFromContinuingOperations": "-4612469", "netIncomeApplicableToCommonShares": "-4612469", "preferredStockAndOtherAdjustments": "None"}, {"fiscalDateEnding": "2015-12-31", "reportedCurrency": "USD", "totalRevenue": "2512181", "totalOperatingExpense": "6642848", "costOfRevenue": "1385000", "grossProfit": "2512181", "ebit": "-4118716", "netIncome": "-4582653", "researchAndDevelopment": "1996809", "effectOfAccountingCharges": "0", "incomeBeforeTax": "-4582653", "minorityInterest": "0", "sellingGeneralAdministrative": "3143304", "otherNonOperatingIncome": "11951", "operatingIncome": "-4130667", "otherOperatingExpense": "1502735", "interestExpense": "463937", "taxProvision": "None", "interestIncome": "None", "netInterestIncome": "None", "extraordinaryItems": "0", "nonRecurring": "845389", "otherItems": "0", "incomeTaxExpense": "0", "totalOtherIncomeExpense": "-2456123", "discontinuedOperations": "0", "netIncomeFromContinuingOperations": "-4582653", "netIncomeApplicableToCommonShares": "-4582653", "preferredStockAndOtherAdjustments": "None"}, {"fiscalDateEnding": "2015-09-30", "reportedCurrency": "USD", "totalRevenue": "1852413", "totalOperatingExpense": "6516611", "costOfRevenue": "995000", "grossProfit": "1852413", "ebit": "-4653096", "netIncome": "-5102424", "researchAndDevelopment": "2111505", "effectOfAccountingCharges": "0", "incomeBeforeTax": "-5102424", "minorityInterest": "0", "sellingGeneralAdministrative": "3292324", "otherNonOperatingIncome": "11102", "operatingIncome": "-4664198", "otherOperatingExpense": "1112782", "interestExpense": "449328", "taxProvision": "None", "interestIncome": "None", "netInterestIncome": "None", "extraordinaryItems": "0", "nonRecurring": "0", "otherItems": "0", "incomeTaxExpense": "0", "totalOtherIncomeExpense": "0", "discontinuedOperations": "0", "netIncomeFromContinuingOperations": "-5102424", "netIncomeApplicableToCommonShares": "-5102424", "preferredStockAndOtherAdjustments": "None"}, {"fiscalDateEnding": "2015-06-30", "reportedCurrency": "USD", "totalRevenue": "1309933", "totalOperatingExpense": "4826538", "costOfRevenue": "668000", "grossProfit": "1309933", "ebit": "-4225907", "netIncome": "-4679318", "researchAndDevelopment": "1505909", "effectOfAccountingCharges": "0", "incomeBeforeTax": "-4679318", "minorityInterest": "0", "sellingGeneralAdministrative": "2534314", "otherNonOperatingIncome": "-709302", "operatingIncome": "-3516605", "otherOperatingExpense": "786315", "interestExpense": "453411", "taxProvision": "None", "interestIncome": "None", "netInterestIncome": "None", "extraordinaryItems": "0", "nonRecurring": "0", "otherItems": "0", "incomeTaxExpense": "0", "totalOtherIncomeExpense": "0", "discontinuedOperations": "0", "netIncomeFromContinuingOperations": "-4679318", "netIncomeApplicableToCommonShares": "-4679318", "preferredStockAndOtherAdjustments": "None"}]}