{"symbol": "ADMP", "annualReports": [{"fiscalDateEnding": "2019-12-31", "reportedCurrency": "USD", "totalRevenue": "22113869", "totalOperatingExpense": "35985665", "costOfRevenue": "15478815", "grossProfit": "6635054", "ebit": "-29174839", "netIncome": "-29306769", "researchAndDevelopment": "10375991", "effectOfAccountingCharges": "None", "incomeBeforeTax": "-29298097", "minorityInterest": "None", "sellingGeneralAdministrative": "25287568", "otherNonOperatingIncome": "175772", "operatingIncome": "-29350611", "otherOperatingExpense": "None", "interestExpense": "123258", "taxProvision": "8672", "interestIncome": "175772", "netInterestIncome": "52514", "extraordinaryItems": "None", "nonRecurring": "322106", "otherItems": "None", "incomeTaxExpense": "8672", "totalOtherIncomeExpense": "-322106", "discontinuedOperations": "None", "netIncomeFromContinuingOperations": "-29306769", "netIncomeApplicableToCommonShares": "-29306769", "preferredStockAndOtherAdjustments": "None"}, {"fiscalDateEnding": "2018-12-31", "reportedCurrency": "USD", "totalRevenue": "15086643", "totalOperatingExpense": "44752415", "costOfRevenue": "9797988", "grossProfit": "5288655", "ebit": "-39218357", "netIncome": "-39006782", "researchAndDevelopment": "18793836", "effectOfAccountingCharges": "None", "incomeBeforeTax": "-39376122", "minorityInterest": "None", "sellingGeneralAdministrative": "25948062", "otherNonOperatingIncome": "245403", "operatingIncome": "-39463760", "otherOperatingExpense": "None", "interestExpense": "157765", "taxProvision": "-369340", "interestIncome": "245403", "netInterestIncome": "87638", "extraordinaryItems": "None", "nonRecurring": "10517", "otherItems": "None", "incomeTaxExpense": "-369340", "totalOtherIncomeExpense": "-10517", "discontinuedOperations": "None", "netIncomeFromContinuingOperations": "-39006782", "netIncomeApplicableToCommonShares": "-39006782", "preferredStockAndOtherAdjustments": "None"}, {"fiscalDateEnding": "2017-12-31", "reportedCurrency": "USD", "totalRevenue": "13073259", "totalOperatingExpense": "30442354", "costOfRevenue": "7419988", "grossProfit": "5653271", "ebit": "-25647080", "netIncome": "-25538980", "researchAndDevelopment": "7526784", "effectOfAccountingCharges": "None", "incomeBeforeTax": "-25878371", "minorityInterest": "None", "sellingGeneralAdministrative": "22819224", "otherNonOperatingIncome": "-857997", "operatingIncome": "-24789083", "otherOperatingExpense": "None", "interestExpense": "231291", "taxProvision": "-339391", "interestIncome": "102233", "netInterestIncome": "-129058", "extraordinaryItems": "-9408000", "nonRecurring": "96346", "otherItems": "None", "incomeTaxExpense": "-339391", "totalOtherIncomeExpense": "-1056576", "discontinuedOperations": "None", "netIncomeFromContinuingOperations": "-25538980", "netIncomeApplicableToCommonShares": "-25538980", "preferredStockAndOtherAdjustments": "None"}, {"fiscalDateEnding": "2016-12-31", "reportedCurrency": "USD", "totalRevenue": "6473978", "totalOperatingExpense": "26824691", "costOfRevenue": "4853664", "grossProfit": "1620314", "ebit": "-23797621", "netIncome": "-19437252", "researchAndDevelopment": "9697136", "effectOfAccountingCharges": "None", "incomeBeforeTax": "-24012017", "minorityInterest": "None", "sellingGeneralAdministrative": "17127555", "otherNonOperatingIncome": "1406756", "operatingIncome": "-25204377", "otherOperatingExpense": "None", "interestExpense": "214396", "taxProvision": "-4574765", "interestIncome": "9285", "netInterestIncome": "-205111", "extraordinaryItems": "None", "nonRecurring": "96346", "otherItems": "None", "incomeTaxExpense": "-4574765", "totalOtherIncomeExpense": "1397471", "discontinuedOperations": "None", "netIncomeFromContinuingOperations": "-19437252", "netIncomeApplicableToCommonShares": "-20811481", "preferredStockAndOtherAdjustments": "1374229"}, {"fiscalDateEnding": "2015-12-31", "reportedCurrency": "USD", "totalRevenue": "0", "totalOperatingExpense": "13850428", "costOfRevenue": "0", "grossProfit": "0", "ebit": "-13571997", "netIncome": "-13571997", "researchAndDevelopment": "4843139", "effectOfAccountingCharges": "None", "incomeBeforeTax": "-13571997", "minorityInterest": "None", "sellingGeneralAdministrative": "9007289", "otherNonOperatingIncome": "278431", "operatingIncome": "-13850428", "otherOperatingExpense": "None", "interestExpense": "-214396", "taxProvision": "None", "interestIncome": "278430", "netInterestIncome": "None", "extraordinaryItems": "None", "nonRecurring": "96346", "otherItems": "None", "incomeTaxExpense": "0", "totalOtherIncomeExpense": "278431", "discontinuedOperations": "None", "netIncomeFromContinuingOperations": "-13571997", "netIncomeApplicableToCommonShares": "-13571997", "preferredStockAndOtherAdjustments": "None"}], "quarterlyReports": [{"fiscalDateEnding": "2020-06-30", "reportedCurrency": "USD", "totalRevenue": "3926342", "totalOperatingExpense": "13422751", "costOfRevenue": "4683835", "grossProfit": "-757493", "ebit": "-10351683", "netIncome": "-11262713", "researchAndDevelopment": "3085824", "effectOfAccountingCharges": "None", "incomeBeforeTax": "-11262713", "minorityInterest": "None", "sellingGeneralAdministrative": "5653092", "otherNonOperatingIncome": "None", "operatingIncome": "-9496409", "otherOperatingExpense": "None", "interestExpense": "32925", "taxProvision": "None", "interestIncome": "16621", "netInterestIncome": "-16304", "extraordinaryItems": "None", "nonRecurring": "None", "otherItems": "None", "incomeTaxExpense": "None", "totalOtherIncomeExpense": "-1750000", "discontinuedOperations": "None", "netIncomeFromContinuingOperations": "-11262713", "netIncomeApplicableToCommonShares": "-11262713", "preferredStockAndOtherAdjustments": "None"}, {"fiscalDateEnding": "2020-03-31", "reportedCurrency": "USD", "totalRevenue": "4663210", "totalOperatingExpense": "11234303", "costOfRevenue": "3687044", "grossProfit": "976166", "ebit": "-10235082", "netIncome": "-10273369", "researchAndDevelopment": "2036732", "effectOfAccountingCharges": "None", "incomeBeforeTax": "-10273369", "minorityInterest": "None", "sellingGeneralAdministrative": "6054371", "otherNonOperatingIncome": "23055", "operatingIncome": "-10258137", "otherOperatingExpense": "None", "interestExpense": "38287", "taxProvision": "None", "interestIncome": "23055", "netInterestIncome": "-15232", "extraordinaryItems": "None", "nonRecurring": "3143200", "otherItems": "None", "incomeTaxExpense": "None", "totalOtherIncomeExpense": "-3143200", "discontinuedOperations": "None", "netIncomeFromContinuingOperations": "-10273369", "netIncomeApplicableToCommonShares": "-10273369", "preferredStockAndOtherAdjustments": "None"}, {"fiscalDateEnding": "2019-12-31", "reportedCurrency": "USD", "totalRevenue": "5540223", "totalOperatingExpense": "6999185", "costOfRevenue": "4198819", "grossProfit": "1341404", "ebit": "-5621093", "netIncome": "-5684126", "researchAndDevelopment": "2014989", "effectOfAccountingCharges": "None", "incomeBeforeTax": "-5675454", "minorityInterest": "None", "sellingGeneralAdministrative": "4965658", "otherNonOperatingIncome": "36688", "operatingIncome": "-5657781", "otherOperatingExpense": "None", "interestExpense": "54361", "taxProvision": "8670", "interestIncome": "36688", "netInterestIncome": "-17673", "extraordinaryItems": "None", "nonRecurring": "18538", "otherItems": "None", "incomeTaxExpense": "8672", "totalOtherIncomeExpense": "-18538", "discontinuedOperations": "None", "netIncomeFromContinuingOperations": "-5684126", "netIncomeApplicableToCommonShares": "-5684126", "preferredStockAndOtherAdjustments": "None"}, {"fiscalDateEnding": "2019-09-30", "reportedCurrency": "USD", "totalRevenue": "5902975", "totalOperatingExpense": "8922418", "costOfRevenue": "3988962", "grossProfit": "1914013", "ebit": "-6977816", "netIncome": "-6999751", "researchAndDevelopment": "3318743", "effectOfAccountingCharges": "None", "incomeBeforeTax": "-6999751", "minorityInterest": "None", "sellingGeneralAdministrative": "5300107", "otherNonOperatingIncome": "30589", "operatingIncome": "-7008405", "otherOperatingExpense": "None", "interestExpense": "21935", "taxProvision": "None", "interestIncome": "30589", "netInterestIncome": "8654", "extraordinaryItems": "None", "nonRecurring": "303568", "otherItems": "None", "incomeTaxExpense": "None", "totalOtherIncomeExpense": "-303568", "discontinuedOperations": "None", "netIncomeFromContinuingOperations": "-6999751", "netIncomeApplicableToCommonShares": "-6999751", "preferredStockAndOtherAdjustments": "None"}, {"fiscalDateEnding": "2019-06-30", "reportedCurrency": "USD", "totalRevenue": "5764899", "totalOperatingExpense": "9846084", "costOfRevenue": "3665565", "grossProfit": "2099334", "ebit": "-7712633", "netIncome": "-7735587", "researchAndDevelopment": "2845745", "effectOfAccountingCharges": "None", "incomeBeforeTax": "-7735587", "minorityInterest": "None", "sellingGeneralAdministrative": "7000339", "otherNonOperatingIncome": "34117", "operatingIncome": "-7746750", "otherOperatingExpense": "None", "interestExpense": "22954", "taxProvision": "None", "interestIncome": "34117", "netInterestIncome": "11163", "extraordinaryItems": "None", "nonRecurring": "None", "otherItems": "None", "incomeTaxExpense": "None", "totalOtherIncomeExpense": "11163", "discontinuedOperations": "None", "netIncomeFromContinuingOperations": "-7735587", "netIncomeApplicableToCommonShares": "-7735587", "preferredStockAndOtherAdjustments": "None"}, {"fiscalDateEnding": "2019-03-31", "reportedCurrency": "USD", "totalRevenue": "4905772", "totalOperatingExpense": "10217978", "costOfRevenue": "3625469", "grossProfit": "1280303", "ebit": "-8863297", "netIncome": "-8887305", "researchAndDevelopment": "2196514", "effectOfAccountingCharges": "None", "incomeBeforeTax": "-8887305", "minorityInterest": "None", "sellingGeneralAdministrative": "8021464", "otherNonOperatingIncome": "74378", "operatingIncome": "-8937675", "otherOperatingExpense": "None", "interestExpense": "24008", "taxProvision": "None", "interestIncome": "50370", "netInterestIncome": "50370", "extraordinaryItems": "None", "nonRecurring": "None", "otherItems": "None", "incomeTaxExpense": "None", "totalOtherIncomeExpense": "50370", "discontinuedOperations": "None", "netIncomeFromContinuingOperations": "-8887305", "netIncomeApplicableToCommonShares": "-8887305", "preferredStockAndOtherAdjustments": "None"}, {"fiscalDateEnding": "2018-12-31", "reportedCurrency": "USD", "totalRevenue": "4153907", "totalOperatingExpense": "14387811", "costOfRevenue": "3039999", "grossProfit": "1113908", "ebit": "-13155086", "netIncome": "-12810756", "researchAndDevelopment": "7800724", "effectOfAccountingCharges": "0", "incomeBeforeTax": "-13180096", "minorityInterest": "0", "sellingGeneralAdministrative": "6576570", "otherNonOperatingIncome": "118817", "operatingIncome": "-13273903", "otherOperatingExpense": "0", "interestExpense": "25010", "taxProvision": "-369340", "interestIncome": "None", "netInterestIncome": "None", "extraordinaryItems": "0", "nonRecurring": "10517", "otherItems": "0", "incomeTaxExpense": "-369340", "totalOtherIncomeExpense": "83290", "discontinuedOperations": "0", "netIncomeFromContinuingOperations": "-12810756", "netIncomeApplicableToCommonShares": "-12810756", "preferredStockAndOtherAdjustments": "None"}, {"fiscalDateEnding": "2018-09-30", "reportedCurrency": "USD", "totalRevenue": "3832935", "totalOperatingExpense": "10443154", "costOfRevenue": "2300432", "grossProfit": "1532503", "ebit": "-8844631", "netIncome": "-8875284", "researchAndDevelopment": "3908408", "effectOfAccountingCharges": "0", "incomeBeforeTax": "-8875284", "minorityInterest": "0", "sellingGeneralAdministrative": "6534746", "otherNonOperatingIncome": "66020", "operatingIncome": "-8910651", "otherOperatingExpense": "0", "interestExpense": "30653", "taxProvision": "None", "interestIncome": "None", "netInterestIncome": "None", "extraordinaryItems": "0", "nonRecurring": "0", "otherItems": "0", "incomeTaxExpense": "0", "totalOtherIncomeExpense": "35367", "discontinuedOperations": "0", "netIncomeFromContinuingOperations": "-8875284", "netIncomeApplicableToCommonShares": "-8875284", "preferredStockAndOtherAdjustments": "None"}, {"fiscalDateEnding": "2018-06-30", "reportedCurrency": "USD", "totalRevenue": "3920566", "totalOperatingExpense": "11198565", "costOfRevenue": "2394394", "grossProfit": "1526172", "ebit": "-9650936", "netIncome": "-9702371", "researchAndDevelopment": "4835634", "effectOfAccountingCharges": "0", "incomeBeforeTax": "-9702371", "minorityInterest": "0", "sellingGeneralAdministrative": "6362931", "otherNonOperatingIncome": "21457", "operatingIncome": "-9672393", "otherOperatingExpense": "0", "interestExpense": "51435", "taxProvision": "None", "interestIncome": "None", "netInterestIncome": "None", "extraordinaryItems": "0", "nonRecurring": "0", "otherItems": "0", "incomeTaxExpense": "0", "totalOtherIncomeExpense": "-29978", "discontinuedOperations": "0", "netIncomeFromContinuingOperations": "-9702371", "netIncomeApplicableToCommonShares": "-9702371", "preferredStockAndOtherAdjustments": "None"}, {"fiscalDateEnding": "2018-03-31", "reportedCurrency": "USD", "totalRevenue": "3179235", "totalOperatingExpense": "8722885", "costOfRevenue": "2063163", "grossProfit": "1116072", "ebit": "-7567704", "netIncome": "-7618371", "researchAndDevelopment": "2249070", "effectOfAccountingCharges": "0", "incomeBeforeTax": "-7618371", "minorityInterest": "0", "sellingGeneralAdministrative": "6473815", "otherNonOperatingIncome": "39109", "operatingIncome": "-7606813", "otherOperatingExpense": "0", "interestExpense": "50667", "taxProvision": "None", "interestIncome": "None", "netInterestIncome": "None", "extraordinaryItems": "0", "nonRecurring": "0", "otherItems": "0", "incomeTaxExpense": "0", "totalOtherIncomeExpense": "-11558", "discontinuedOperations": "0", "netIncomeFromContinuingOperations": "-7618371", "netIncomeApplicableToCommonShares": "-7618371", "preferredStockAndOtherAdjustments": "None"}, {"fiscalDateEnding": "2017-12-31", "reportedCurrency": "USD", "totalRevenue": "2841832", "totalOperatingExpense": "9426698", "costOfRevenue": "1781705", "grossProfit": "1060127", "ebit": "-8313312", "netIncome": "-8025672", "researchAndDevelopment": "3582850", "effectOfAccountingCharges": "0", "incomeBeforeTax": "-8365063", "minorityInterest": "0", "sellingGeneralAdministrative": "5843848", "otherNonOperatingIncome": "53259", "operatingIncome": "-8366571", "otherOperatingExpense": "0", "interestExpense": "51751", "taxProvision": "None", "interestIncome": "None", "netInterestIncome": "None", "extraordinaryItems": "0", "nonRecurring": "0", "otherItems": "0", "incomeTaxExpense": "-339391", "totalOtherIncomeExpense": "-2496101", "discontinuedOperations": "0", "netIncomeFromContinuingOperations": "-8025672", "netIncomeApplicableToCommonShares": "-8025672", "preferredStockAndOtherAdjustments": "None"}, {"fiscalDateEnding": "2017-09-30", "reportedCurrency": "USD", "totalRevenue": "3388221", "totalOperatingExpense": "7092105", "costOfRevenue": "2092270", "grossProfit": "1295951", "ebit": "-6716674", "netIncome": "-6769309", "researchAndDevelopment": "1248187", "effectOfAccountingCharges": "0", "incomeBeforeTax": "-6769309", "minorityInterest": "0", "sellingGeneralAdministrative": "5747572", "otherNonOperatingIncome": "-920520", "operatingIncome": "-5796154", "otherOperatingExpense": "0", "interestExpense": "52635", "taxProvision": "None", "interestIncome": "None", "netInterestIncome": "None", "extraordinaryItems": "0", "nonRecurring": "96346", "otherItems": "0", "incomeTaxExpense": "0", "totalOtherIncomeExpense": "973369", "discontinuedOperations": "0", "netIncomeFromContinuingOperations": "-6769309", "netIncomeApplicableToCommonShares": "-6769309", "preferredStockAndOtherAdjustments": "None"}, {"fiscalDateEnding": "2017-06-30", "reportedCurrency": "USD", "totalRevenue": "3805355", "totalOperatingExpense": "6840921", "costOfRevenue": "1881448", "grossProfit": "1923907", "ebit": "-4911773", "netIncome": "-4971203", "researchAndDevelopment": "1185847", "effectOfAccountingCharges": "0", "incomeBeforeTax": "-4971203", "minorityInterest": "0", "sellingGeneralAdministrative": "5655074", "otherNonOperatingIncome": "5241", "operatingIncome": "-4917014", "otherOperatingExpense": "0", "interestExpense": "59430", "taxProvision": "None", "interestIncome": "None", "netInterestIncome": "None", "extraordinaryItems": "0", "nonRecurring": "-289038", "otherItems": "0", "incomeTaxExpense": "0", "totalOtherIncomeExpense": "728385", "discontinuedOperations": "0", "netIncomeFromContinuingOperations": "-4971203", "netIncomeApplicableToCommonShares": "-4971203", "preferredStockAndOtherAdjustments": "None"}, {"fiscalDateEnding": "2017-03-31", "reportedCurrency": "USD", "totalRevenue": "3037851", "totalOperatingExpense": "7082630", "costOfRevenue": "1664565", "grossProfit": "1373286", "ebit": "-5705321", "netIncome": "-5772796", "researchAndDevelopment": "1509900", "effectOfAccountingCharges": "0", "incomeBeforeTax": "-5772796", "minorityInterest": "0", "sellingGeneralAdministrative": "5572730", "otherNonOperatingIncome": "4023", "operatingIncome": "-5709344", "otherOperatingExpense": "0", "interestExpense": "67475", "taxProvision": "None", "interestIncome": "None", "netInterestIncome": "None", "extraordinaryItems": "0", "nonRecurring": "96346", "otherItems": "0", "incomeTaxExpense": "0", "totalOtherIncomeExpense": "-391287", "discontinuedOperations": "0", "netIncomeFromContinuingOperations": "-5772796", "netIncomeApplicableToCommonShares": "-5772796", "preferredStockAndOtherAdjustments": "None"}, {"fiscalDateEnding": "2016-12-31", "reportedCurrency": "USD", "totalRevenue": "2469956", "totalOperatingExpense": "5964704", "costOfRevenue": "1686262", "grossProfit": "783694", "ebit": "-5173157", "netIncome": "-670163", "researchAndDevelopment": "1372018", "effectOfAccountingCharges": "0", "incomeBeforeTax": "-5244928", "minorityInterest": "0", "sellingGeneralAdministrative": "4592686", "otherNonOperatingIncome": "7853", "operatingIncome": "-5181010", "otherOperatingExpense": "0", "interestExpense": "71771", "taxProvision": "None", "interestIncome": "None", "netInterestIncome": "None", "extraordinaryItems": "0", "nonRecurring": "96346", "otherItems": "0", "incomeTaxExpense": "-4574765", "totalOtherIncomeExpense": "919445", "discontinuedOperations": "0", "netIncomeFromContinuingOperations": "-670163", "netIncomeApplicableToCommonShares": "-670163", "preferredStockAndOtherAdjustments": "None"}, {"fiscalDateEnding": "2016-09-30", "reportedCurrency": "USD", "totalRevenue": "2075919", "totalOperatingExpense": "6829787", "costOfRevenue": "1821372", "grossProfit": "254547", "ebit": "-6573975", "netIncome": "-6644209", "researchAndDevelopment": "1494399", "effectOfAccountingCharges": "0", "incomeBeforeTax": "-6644209", "minorityInterest": "0", "sellingGeneralAdministrative": "5335388", "otherNonOperatingIncome": "1265", "operatingIncome": "-6575240", "otherOperatingExpense": "0", "interestExpense": "70234", "taxProvision": "None", "interestIncome": "None", "netInterestIncome": "None", "extraordinaryItems": "0", "nonRecurring": "0", "otherItems": "0", "incomeTaxExpense": "0", "totalOtherIncomeExpense": "386395", "discontinuedOperations": "0", "netIncomeFromContinuingOperations": "-6644209", "netIncomeApplicableToCommonShares": "-8018438", "preferredStockAndOtherAdjustments": "1374229"}, {"fiscalDateEnding": "2016-06-30", "reportedCurrency": "USD", "totalRevenue": "1928103", "totalOperatingExpense": "8012996", "costOfRevenue": "1346030", "grossProfit": "582073", "ebit": "-5641998", "netIncome": "-5714389", "researchAndDevelopment": "3429899", "effectOfAccountingCharges": "0", "incomeBeforeTax": "-5714389", "minorityInterest": "0", "sellingGeneralAdministrative": "4583097", "otherNonOperatingIncome": "1788925", "operatingIncome": "-7430923", "otherOperatingExpense": "0", "interestExpense": "72391", "taxProvision": "None", "interestIncome": "None", "netInterestIncome": "None", "extraordinaryItems": "0", "nonRecurring": "0", "otherItems": "0", "incomeTaxExpense": "0", "totalOtherIncomeExpense": "-113480", "discontinuedOperations": "0", "netIncomeFromContinuingOperations": "-5714389", "netIncomeApplicableToCommonShares": "-5714389", "preferredStockAndOtherAdjustments": "None"}, {"fiscalDateEnding": "2016-03-31", "reportedCurrency": "USD", "totalRevenue": "0", "totalOperatingExpense": "6017204", "costOfRevenue": "0", "grossProfit": "0", "ebit": "-6408491", "netIncome": "-6408491", "researchAndDevelopment": "3400820", "effectOfAccountingCharges": "0", "incomeBeforeTax": "-6408491", "minorityInterest": "0", "sellingGeneralAdministrative": "2616384", "otherNonOperatingIncome": "-391287", "operatingIncome": "-6017204", "otherOperatingExpense": "0", "interestExpense": "0", "taxProvision": "None", "interestIncome": "None", "netInterestIncome": "None", "extraordinaryItems": "0", "nonRecurring": "0", "otherItems": "0", "incomeTaxExpense": "0", "totalOtherIncomeExpense": "0", "discontinuedOperations": "0", "netIncomeFromContinuingOperations": "-6408491", "netIncomeApplicableToCommonShares": "-6408491", "preferredStockAndOtherAdjustments": "None"}, {"fiscalDateEnding": "2015-12-31", "reportedCurrency": "USD", "totalRevenue": "0", "totalOperatingExpense": "2862496", "costOfRevenue": "0", "grossProfit": "0", "ebit": "-3637183", "netIncome": "-3637183", "researchAndDevelopment": "1035684", "effectOfAccountingCharges": "0", "incomeBeforeTax": "-3637183", "minorityInterest": "0", "sellingGeneralAdministrative": "1826812", "otherNonOperatingIncome": "-774687", "operatingIncome": "-2862496", "otherOperatingExpense": "0", "interestExpense": "-214396", "taxProvision": "None", "interestIncome": "None", "netInterestIncome": "None", "extraordinaryItems": "0", "nonRecurring": "96346", "otherItems": "0", "incomeTaxExpense": "0", "totalOtherIncomeExpense": "164951", "discontinuedOperations": "0", "netIncomeFromContinuingOperations": "-3637183", "netIncomeApplicableToCommonShares": "-3637183", "preferredStockAndOtherAdjustments": "None"}, {"fiscalDateEnding": "2015-09-30", "reportedCurrency": "USD", "totalRevenue": "0", "totalOperatingExpense": "3307642", "costOfRevenue": "0", "grossProfit": "0", "ebit": "-3148207", "netIncome": "-3148207", "researchAndDevelopment": "1182542", "effectOfAccountingCharges": "0", "incomeBeforeTax": "-3148207", "minorityInterest": "0", "sellingGeneralAdministrative": "2125100", "otherNonOperatingIncome": "159435", "operatingIncome": "-3307642", "otherOperatingExpense": "0", "interestExpense": "0", "taxProvision": "None", "interestIncome": "None", "netInterestIncome": "None", "extraordinaryItems": "0", "nonRecurring": "0", "otherItems": "0", "incomeTaxExpense": "0", "totalOtherIncomeExpense": "1234123", "discontinuedOperations": "0", "netIncomeFromContinuingOperations": "-3148207", "netIncomeApplicableToCommonShares": "-3148207", "preferredStockAndOtherAdjustments": "None"}, {"fiscalDateEnding": "2015-06-30", "reportedCurrency": "USD", "totalRevenue": "0", "totalOperatingExpense": "3531421", "costOfRevenue": "0", "grossProfit": "0", "ebit": "-3644901", "netIncome": "-3644901", "researchAndDevelopment": "1269590", "effectOfAccountingCharges": "0", "incomeBeforeTax": "-3644901", "minorityInterest": "0", "sellingGeneralAdministrative": "2261831", "otherNonOperatingIncome": "-113480", "operatingIncome": "-3531421", "otherOperatingExpense": "0", "interestExpense": "0", "taxProvision": "None", "interestIncome": "None", "netInterestIncome": "None", "extraordinaryItems": "0", "nonRecurring": "0", "otherItems": "0", "incomeTaxExpense": "0", "totalOtherIncomeExpense": "-2127806", "discontinuedOperations": "0", "netIncomeFromContinuingOperations": "-3644901", "netIncomeApplicableToCommonShares": "-3644901", "preferredStockAndOtherAdjustments": "None"}]}