{"symbol": "ADMS", "annualReports": [{"fiscalDateEnding": "2019-12-31", "reportedCurrency": "USD", "totalRevenue": "54637000", "totalOperatingExpense": "144403000", "costOfRevenue": "2469000", "grossProfit": "52168000", "ebit": "-90142000", "netIncome": "-105186000", "researchAndDevelopment": "30034000", "effectOfAccountingCharges": "None", "incomeBeforeTax": "-105186000", "minorityInterest": "None", "sellingGeneralAdministrative": "114369000", "otherNonOperatingIncome": "2093000", "operatingIncome": "-92235000", "otherOperatingExpense": "None", "interestExpense": "15044000", "taxProvision": "0", "interestIncome": "2093000", "netInterestIncome": "-12951000", "extraordinaryItems": "None", "nonRecurring": "None", "otherItems": "None", "incomeTaxExpense": "None", "totalOtherIncomeExpense": "-14851000", "discontinuedOperations": "None", "netIncomeFromContinuingOperations": "-105186000", "netIncomeApplicableToCommonShares": "-105186000", "preferredStockAndOtherAdjustments": "None"}, {"fiscalDateEnding": "2018-12-31", "reportedCurrency": "USD", "totalRevenue": "34046000", "totalOperatingExpense": "149068000", "costOfRevenue": "633000", "grossProfit": "33413000", "ebit": "-110447000", "netIncome": "-130999000", "researchAndDevelopment": "39300000", "effectOfAccountingCharges": "None", "incomeBeforeTax": "-130999000", "minorityInterest": "None", "sellingGeneralAdministrative": "109135000", "otherNonOperatingIncome": "3115000", "operatingIncome": "-115022000", "otherOperatingExpense": "None", "interestExpense": "19092000", "taxProvision": "0", "interestIncome": "3115000", "netInterestIncome": "-15977000", "extraordinaryItems": "None", "nonRecurring": "None", "otherItems": "None", "incomeTaxExpense": "0", "totalOtherIncomeExpense": "-15976000", "discontinuedOperations": "None", "netIncomeFromContinuingOperations": "-130999000", "netIncomeApplicableToCommonShares": "-130999000", "preferredStockAndOtherAdjustments": "None"}, {"fiscalDateEnding": "2017-12-31", "reportedCurrency": "USD", "totalRevenue": "571000", "totalOperatingExpense": "88497000", "costOfRevenue": "17000", "grossProfit": "571000", "ebit": "-86575000", "netIncome": "-89490000", "researchAndDevelopment": "27168000", "effectOfAccountingCharges": "None", "incomeBeforeTax": "-91220000", "minorityInterest": "None", "sellingGeneralAdministrative": "61312000", "otherNonOperatingIncome": "1351000", "operatingIncome": "-87926000", "otherOperatingExpense": "17000", "interestExpense": "4645000", "taxProvision": "-1730000", "interestIncome": "1351000", "netInterestIncome": "-3294000", "extraordinaryItems": "None", "nonRecurring": "None", "otherItems": "None", "incomeTaxExpense": "-1730000", "totalOtherIncomeExpense": "-3261000", "discontinuedOperations": "None", "netIncomeFromContinuingOperations": "-89490000", "netIncomeApplicableToCommonShares": "-89490000", "preferredStockAndOtherAdjustments": "None"}, {"fiscalDateEnding": "2016-12-31", "reportedCurrency": "USD", "totalRevenue": "572000", "totalOperatingExpense": "61556000", "costOfRevenue": "60748000", "grossProfit": "572000", "ebit": "-60173000", "netIncome": "-60058000", "researchAndDevelopment": "31230000", "effectOfAccountingCharges": "None", "incomeBeforeTax": "-60173000", "minorityInterest": "None", "sellingGeneralAdministrative": "30326000", "otherNonOperatingIncome": "811000", "operatingIncome": "-60984000", "otherOperatingExpense": "None", "interestExpense": "-4645000", "taxProvision": "-115000", "interestIncome": "811000", "netInterestIncome": "811000", "extraordinaryItems": "None", "nonRecurring": "None", "otherItems": "None", "incomeTaxExpense": "-115000", "totalOtherIncomeExpense": "811000", "discontinuedOperations": "None", "netIncomeFromContinuingOperations": "-60058000", "netIncomeApplicableToCommonShares": "-60058000", "preferredStockAndOtherAdjustments": "None"}, {"fiscalDateEnding": "2015-12-31", "reportedCurrency": "USD", "totalRevenue": "1916000", "totalOperatingExpense": "59353000", "costOfRevenue": "58918000", "grossProfit": "1916000", "ebit": "-57074000", "netIncome": "-51802000", "researchAndDevelopment": "35895000", "effectOfAccountingCharges": "None", "incomeBeforeTax": "-57074000", "minorityInterest": "None", "sellingGeneralAdministrative": "23458000", "otherNonOperatingIncome": "363000", "operatingIncome": "-57437000", "otherOperatingExpense": "None", "interestExpense": "-4645000", "taxProvision": "-5272000", "interestIncome": "363000", "netInterestIncome": "None", "extraordinaryItems": "None", "nonRecurring": "None", "otherItems": "None", "incomeTaxExpense": "-5272000", "totalOtherIncomeExpense": "363000", "discontinuedOperations": "None", "netIncomeFromContinuingOperations": "-51802000", "netIncomeApplicableToCommonShares": "-51802000", "preferredStockAndOtherAdjustments": "None"}], "quarterlyReports": [{"fiscalDateEnding": "2020-06-30", "reportedCurrency": "USD", "totalRevenue": "18794000", "totalOperatingExpense": "25727000", "costOfRevenue": "381000", "grossProfit": "18413000", "ebit": "-7099000", "netIncome": "-10566000", "researchAndDevelopment": "2550000", "effectOfAccountingCharges": "None", "incomeBeforeTax": "-10566000", "minorityInterest": "None", "sellingGeneralAdministrative": "23177000", "otherNonOperatingIncome": "215000", "operatingIncome": "-7314000", "otherOperatingExpense": "None", "interestExpense": "3467000", "taxProvision": "None", "interestIncome": "None", "netInterestIncome": "-3252000", "extraordinaryItems": "None", "nonRecurring": "None", "otherItems": "None", "incomeTaxExpense": "None", "totalOtherIncomeExpense": "None", "discontinuedOperations": "None", "netIncomeFromContinuingOperations": "-10566000", "netIncomeApplicableToCommonShares": "-10566000", "preferredStockAndOtherAdjustments": "None"}, {"fiscalDateEnding": "2020-03-31", "reportedCurrency": "USD", "totalRevenue": "14481000", "totalOperatingExpense": "27017000", "costOfRevenue": "572000", "grossProfit": "13909000", "ebit": "-13024000", "netIncome": "-16648000", "researchAndDevelopment": "2465000", "effectOfAccountingCharges": "None", "incomeBeforeTax": "-16648000", "minorityInterest": "None", "sellingGeneralAdministrative": "24552000", "otherNonOperatingIncome": "84000", "operatingIncome": "-13108000", "otherOperatingExpense": "None", "interestExpense": "3624000", "taxProvision": "None", "interestIncome": "84000", "netInterestIncome": "-3540000", "extraordinaryItems": "None", "nonRecurring": "None", "otherItems": "None", "incomeTaxExpense": "None", "totalOtherIncomeExpense": "None", "discontinuedOperations": "None", "netIncomeFromContinuingOperations": "-16648000", "netIncomeApplicableToCommonShares": "-16648000", "preferredStockAndOtherAdjustments": "None"}, {"fiscalDateEnding": "2019-12-31", "reportedCurrency": "USD", "totalRevenue": "16348000", "totalOperatingExpense": "35465000", "costOfRevenue": "442000", "grossProfit": "15906000", "ebit": "-19435000", "netIncome": "-23075000", "researchAndDevelopment": "5180000", "effectOfAccountingCharges": "None", "incomeBeforeTax": "-23075000", "minorityInterest": "None", "sellingGeneralAdministrative": "30285000", "otherNonOperatingIncome": "124000", "operatingIncome": "-19559000", "otherOperatingExpense": "None", "interestExpense": "3640000", "taxProvision": "None", "interestIncome": "124000", "netInterestIncome": "-3516000", "extraordinaryItems": "None", "nonRecurring": "None", "otherItems": "None", "incomeTaxExpense": "None", "totalOtherIncomeExpense": "-1616000", "discontinuedOperations": "None", "netIncomeFromContinuingOperations": "-23075000", "netIncomeApplicableToCommonShares": "-23075000", "preferredStockAndOtherAdjustments": "None"}, {"fiscalDateEnding": "2019-09-30", "reportedCurrency": "USD", "totalRevenue": "13933000", "totalOperatingExpense": "37222000", "costOfRevenue": "929000", "grossProfit": "13004000", "ebit": "-23706000", "netIncome": "-27582000", "researchAndDevelopment": "6042000", "effectOfAccountingCharges": "None", "incomeBeforeTax": "-27582000", "minorityInterest": "None", "sellingGeneralAdministrative": "31180000", "otherNonOperatingIncome": "512000", "operatingIncome": "-24218000", "otherOperatingExpense": "None", "interestExpense": "3876000", "taxProvision": "None", "interestIncome": "512000", "netInterestIncome": "-3364000", "extraordinaryItems": "None", "nonRecurring": "None", "otherItems": "None", "incomeTaxExpense": "None", "totalOtherIncomeExpense": "-7164000", "discontinuedOperations": "None", "netIncomeFromContinuingOperations": "-27582000", "netIncomeApplicableToCommonShares": "-27582000", "preferredStockAndOtherAdjustments": "None"}, {"fiscalDateEnding": "2019-06-30", "reportedCurrency": "USD", "totalRevenue": "12691000", "totalOperatingExpense": "33814000", "costOfRevenue": "685000", "grossProfit": "12006000", "ebit": "-21074000", "netIncome": "-24871000", "researchAndDevelopment": "8598000", "effectOfAccountingCharges": "None", "incomeBeforeTax": "-24871000", "minorityInterest": "None", "sellingGeneralAdministrative": "25216000", "otherNonOperatingIncome": "734000", "operatingIncome": "-21808000", "otherOperatingExpense": "None", "interestExpense": "3797000", "taxProvision": "None", "interestIncome": "734000", "netInterestIncome": "-3063000", "extraordinaryItems": "None", "nonRecurring": "None", "otherItems": "None", "incomeTaxExpense": "None", "totalOtherIncomeExpense": "-3063000", "discontinuedOperations": "None", "netIncomeFromContinuingOperations": "-24871000", "netIncomeApplicableToCommonShares": "-24871000", "preferredStockAndOtherAdjustments": "None"}, {"fiscalDateEnding": "2019-03-31", "reportedCurrency": "USD", "totalRevenue": "11665000", "totalOperatingExpense": "37902000", "costOfRevenue": "413000", "grossProfit": "11252000", "ebit": "-25927000", "netIncome": "-29658000", "researchAndDevelopment": "10214000", "effectOfAccountingCharges": "None", "incomeBeforeTax": "-29658000", "minorityInterest": "None", "sellingGeneralAdministrative": "27688000", "otherNonOperatingIncome": "723000", "operatingIncome": "-26650000", "otherOperatingExpense": "None", "interestExpense": "3731000", "taxProvision": "None", "interestIncome": "-3008000", "netInterestIncome": "-3008000", "extraordinaryItems": "None", "nonRecurring": "None", "otherItems": "None", "incomeTaxExpense": "None", "totalOtherIncomeExpense": "-3008000", "discontinuedOperations": "None", "netIncomeFromContinuingOperations": "-29658000", "netIncomeApplicableToCommonShares": "-29658000", "preferredStockAndOtherAdjustments": "None"}, {"fiscalDateEnding": "2018-12-31", "reportedCurrency": "USD", "totalRevenue": "13315000", "totalOperatingExpense": "38615000", "costOfRevenue": "435000", "grossProfit": "12880000", "ebit": "-25300000", "netIncome": "-28883000", "researchAndDevelopment": "10597000", "effectOfAccountingCharges": "0", "incomeBeforeTax": "-28883000", "minorityInterest": "0", "sellingGeneralAdministrative": "27583000", "otherNonOperatingIncome": "184000", "operatingIncome": "-25300000", "otherOperatingExpense": "0", "interestExpense": "3768000", "taxProvision": "None", "interestIncome": "None", "netInterestIncome": "None", "extraordinaryItems": "0", "nonRecurring": "0", "otherItems": "0", "incomeTaxExpense": "0", "totalOtherIncomeExpense": "-3583000", "discontinuedOperations": "0", "netIncomeFromContinuingOperations": "-28883000", "netIncomeApplicableToCommonShares": "-28883000", "preferredStockAndOtherAdjustments": "None"}, {"fiscalDateEnding": "2018-09-30", "reportedCurrency": "USD", "totalRevenue": "10613000", "totalOperatingExpense": "39200000", "costOfRevenue": "100000", "grossProfit": "10513000", "ebit": "-27766000", "netIncome": "-33152000", "researchAndDevelopment": "11709000", "effectOfAccountingCharges": "0", "incomeBeforeTax": "-33152000", "minorityInterest": "0", "sellingGeneralAdministrative": "27491000", "otherNonOperatingIncome": "921000", "operatingIncome": "-28687000", "otherOperatingExpense": "0", "interestExpense": "5386000", "taxProvision": "None", "interestIncome": "None", "netInterestIncome": "None", "extraordinaryItems": "0", "nonRecurring": "0", "otherItems": "0", "incomeTaxExpense": "0", "totalOtherIncomeExpense": "-4465000", "discontinuedOperations": "0", "netIncomeFromContinuingOperations": "-33152000", "netIncomeApplicableToCommonShares": "-33152000", "preferredStockAndOtherAdjustments": "None"}, {"fiscalDateEnding": "2018-06-30", "reportedCurrency": "USD", "totalRevenue": "7565000", "totalOperatingExpense": "37505000", "costOfRevenue": "73000", "grossProfit": "7492000", "ebit": "-28881000", "netIncome": "-33993000", "researchAndDevelopment": "9806000", "effectOfAccountingCharges": "0", "incomeBeforeTax": "-33993000", "minorityInterest": "0", "sellingGeneralAdministrative": "27699000", "otherNonOperatingIncome": "1132000", "operatingIncome": "-30013000", "otherOperatingExpense": "0", "interestExpense": "5112000", "taxProvision": "None", "interestIncome": "None", "netInterestIncome": "None", "extraordinaryItems": "0", "nonRecurring": "0", "otherItems": "0", "incomeTaxExpense": "0", "totalOtherIncomeExpense": "-3980000", "discontinuedOperations": "0", "netIncomeFromContinuingOperations": "-33993000", "netIncomeApplicableToCommonShares": "-33993000", "preferredStockAndOtherAdjustments": "None"}, {"fiscalDateEnding": "2018-03-31", "reportedCurrency": "USD", "totalRevenue": "2553000", "totalOperatingExpense": "33576000", "costOfRevenue": "25000", "grossProfit": "2553000", "ebit": "-30145000", "netIncome": "-34971000", "researchAndDevelopment": "7188000", "effectOfAccountingCharges": "0", "incomeBeforeTax": "-34971000", "minorityInterest": "0", "sellingGeneralAdministrative": "26363000", "otherNonOperatingIncome": "878000", "operatingIncome": "-31023000", "otherOperatingExpense": "25000", "interestExpense": "4826000", "taxProvision": "None", "interestIncome": "None", "netInterestIncome": "None", "extraordinaryItems": "0", "nonRecurring": "0", "otherItems": "0", "incomeTaxExpense": "0", "totalOtherIncomeExpense": "-3948000", "discontinuedOperations": "0", "netIncomeFromContinuingOperations": "-34971000", "netIncomeApplicableToCommonShares": "-34971000", "preferredStockAndOtherAdjustments": "None"}, {"fiscalDateEnding": "2017-12-31", "reportedCurrency": "USD", "totalRevenue": "568000", "totalOperatingExpense": "29451000", "costOfRevenue": "29141000", "grossProfit": "568000", "ebit": "-28797000", "netIncome": "-29357000", "researchAndDevelopment": "6445000", "effectOfAccountingCharges": "0", "incomeBeforeTax": "-31036000", "minorityInterest": "0", "sellingGeneralAdministrative": "22989000", "otherNonOperatingIncome": "86000", "operatingIncome": "-28883000", "otherOperatingExpense": "17000", "interestExpense": "2239000", "taxProvision": "None", "interestIncome": "None", "netInterestIncome": "None", "extraordinaryItems": "0", "nonRecurring": "0", "otherItems": "0", "incomeTaxExpense": "-1679000", "totalOtherIncomeExpense": "-3261000", "discontinuedOperations": "0", "netIncomeFromContinuingOperations": "-29357000", "netIncomeApplicableToCommonShares": "-29357000", "preferredStockAndOtherAdjustments": "None"}, {"fiscalDateEnding": "2017-09-30", "reportedCurrency": "USD", "totalRevenue": "1000", "totalOperatingExpense": "22523000", "costOfRevenue": "22211000", "grossProfit": "1000", "ebit": "-21683000", "netIncome": "-23360000", "researchAndDevelopment": "6459000", "effectOfAccountingCharges": "0", "incomeBeforeTax": "-23360000", "minorityInterest": "0", "sellingGeneralAdministrative": "16064000", "otherNonOperatingIncome": "839000", "operatingIncome": "-22522000", "otherOperatingExpense": "0", "interestExpense": "1677000", "taxProvision": "None", "interestIncome": "None", "netInterestIncome": "None", "extraordinaryItems": "0", "nonRecurring": "0", "otherItems": "0", "incomeTaxExpense": "51000", "totalOtherIncomeExpense": "0", "discontinuedOperations": "0", "netIncomeFromContinuingOperations": "-23360000", "netIncomeApplicableToCommonShares": "-23360000", "preferredStockAndOtherAdjustments": "None"}, {"fiscalDateEnding": "2017-06-30", "reportedCurrency": "USD", "totalRevenue": "2000", "totalOperatingExpense": "20291000", "costOfRevenue": "20003000", "grossProfit": "2000", "ebit": "-20067000", "netIncome": "-20745000", "researchAndDevelopment": "7176000", "effectOfAccountingCharges": "0", "incomeBeforeTax": "-20796000", "minorityInterest": "0", "sellingGeneralAdministrative": "13115000", "otherNonOperatingIncome": "222000", "operatingIncome": "-20289000", "otherOperatingExpense": "0", "interestExpense": "729000", "taxProvision": "None", "interestIncome": "None", "netInterestIncome": "None", "extraordinaryItems": "0", "nonRecurring": "0", "otherItems": "0", "incomeTaxExpense": "-51000", "totalOtherIncomeExpense": "0", "discontinuedOperations": "0", "netIncomeFromContinuingOperations": "-20745000", "netIncomeApplicableToCommonShares": "-20745000", "preferredStockAndOtherAdjustments": "None"}, {"fiscalDateEnding": "2017-03-31", "reportedCurrency": "USD", "totalRevenue": "0", "totalOperatingExpense": "16232000", "costOfRevenue": "15948000", "grossProfit": "0", "ebit": "-16028000", "netIncome": "-16028000", "researchAndDevelopment": "7088000", "effectOfAccountingCharges": "0", "incomeBeforeTax": "-16028000", "minorityInterest": "0", "sellingGeneralAdministrative": "9144000", "otherNonOperatingIncome": "204000", "operatingIncome": "-16232000", "otherOperatingExpense": "0", "interestExpense": "0", "taxProvision": "None", "interestIncome": "None", "netInterestIncome": "None", "extraordinaryItems": "0", "nonRecurring": "0", "otherItems": "0", "incomeTaxExpense": "0", "totalOtherIncomeExpense": "0", "discontinuedOperations": "0", "netIncomeFromContinuingOperations": "-16028000", "netIncomeApplicableToCommonShares": "-16028000", "preferredStockAndOtherAdjustments": "None"}, {"fiscalDateEnding": "2016-12-31", "reportedCurrency": "USD", "totalRevenue": "37000", "totalOperatingExpense": "15330000", "costOfRevenue": "15084000", "grossProfit": "37000", "ebit": "-15075000", "netIncome": "-14960000", "researchAndDevelopment": "7047000", "effectOfAccountingCharges": "0", "incomeBeforeTax": "-15075000", "minorityInterest": "0", "sellingGeneralAdministrative": "8283000", "otherNonOperatingIncome": "218000", "operatingIncome": "-15293000", "otherOperatingExpense": "0", "interestExpense": "-4645000", "taxProvision": "None", "interestIncome": "None", "netInterestIncome": "None", "extraordinaryItems": "0", "nonRecurring": "0", "otherItems": "0", "incomeTaxExpense": "-115000", "totalOtherIncomeExpense": "811000", "discontinuedOperations": "0", "netIncomeFromContinuingOperations": "-14960000", "netIncomeApplicableToCommonShares": "-14960000", "preferredStockAndOtherAdjustments": "None"}, {"fiscalDateEnding": "2016-09-30", "reportedCurrency": "USD", "totalRevenue": "138000", "totalOperatingExpense": "14781000", "costOfRevenue": "14547000", "grossProfit": "138000", "ebit": "-14394000", "netIncome": "-14394000", "researchAndDevelopment": "7437000", "effectOfAccountingCharges": "0", "incomeBeforeTax": "-14394000", "minorityInterest": "0", "sellingGeneralAdministrative": "7344000", "otherNonOperatingIncome": "249000", "operatingIncome": "-14643000", "otherOperatingExpense": "0", "interestExpense": "0", "taxProvision": "None", "interestIncome": "None", "netInterestIncome": "None", "extraordinaryItems": "0", "nonRecurring": "0", "otherItems": "0", "incomeTaxExpense": "0", "totalOtherIncomeExpense": "0", "discontinuedOperations": "0", "netIncomeFromContinuingOperations": "-14394000", "netIncomeApplicableToCommonShares": "-14394000", "preferredStockAndOtherAdjustments": "None"}, {"fiscalDateEnding": "2016-06-30", "reportedCurrency": "USD", "totalRevenue": "222000", "totalOperatingExpense": "17282000", "costOfRevenue": "17091000", "grossProfit": "222000", "ebit": "-16876000", "netIncome": "-16876000", "researchAndDevelopment": "9224000", "effectOfAccountingCharges": "0", "incomeBeforeTax": "-16876000", "minorityInterest": "0", "sellingGeneralAdministrative": "8058000", "otherNonOperatingIncome": "184000", "operatingIncome": "-17060000", "otherOperatingExpense": "0", "interestExpense": "0", "taxProvision": "None", "interestIncome": "None", "netInterestIncome": "None", "extraordinaryItems": "0", "nonRecurring": "0", "otherItems": "0", "incomeTaxExpense": "0", "totalOtherIncomeExpense": "0", "discontinuedOperations": "0", "netIncomeFromContinuingOperations": "-16876000", "netIncomeApplicableToCommonShares": "-16876000", "preferredStockAndOtherAdjustments": "None"}, {"fiscalDateEnding": "2016-03-31", "reportedCurrency": "USD", "totalRevenue": "175000", "totalOperatingExpense": "14163000", "costOfRevenue": "14026000", "grossProfit": "175000", "ebit": "-13828000", "netIncome": "-13828000", "researchAndDevelopment": "7522000", "effectOfAccountingCharges": "0", "incomeBeforeTax": "-13828000", "minorityInterest": "0", "sellingGeneralAdministrative": "6641000", "otherNonOperatingIncome": "160000", "operatingIncome": "-13988000", "otherOperatingExpense": "0", "interestExpense": "0", "taxProvision": "None", "interestIncome": "None", "netInterestIncome": "None", "extraordinaryItems": "0", "nonRecurring": "0", "otherItems": "0", "incomeTaxExpense": "0", "totalOtherIncomeExpense": "0", "discontinuedOperations": "0", "netIncomeFromContinuingOperations": "-13828000", "netIncomeApplicableToCommonShares": "-13828000", "preferredStockAndOtherAdjustments": "None"}, {"fiscalDateEnding": "2015-12-31", "reportedCurrency": "USD", "totalRevenue": "524000", "totalOperatingExpense": "16587000", "costOfRevenue": "16458000", "grossProfit": "524000", "ebit": "-15965000", "netIncome": "-10690000", "researchAndDevelopment": "9697000", "effectOfAccountingCharges": "0", "incomeBeforeTax": "-15965000", "minorityInterest": "0", "sellingGeneralAdministrative": "6890000", "otherNonOperatingIncome": "98000", "operatingIncome": "-16063000", "otherOperatingExpense": "0", "interestExpense": "-4645000", "taxProvision": "None", "interestIncome": "None", "netInterestIncome": "None", "extraordinaryItems": "0", "nonRecurring": "0", "otherItems": "0", "incomeTaxExpense": "-5275000", "totalOtherIncomeExpense": "363000", "discontinuedOperations": "0", "netIncomeFromContinuingOperations": "-10690000", "netIncomeApplicableToCommonShares": "-10690000", "preferredStockAndOtherAdjustments": "None"}, {"fiscalDateEnding": "2015-09-30", "reportedCurrency": "USD", "totalRevenue": "768000", "totalOperatingExpense": "15763000", "costOfRevenue": "15613000", "grossProfit": "768000", "ebit": "-14910000", "netIncome": "-14859000", "researchAndDevelopment": "9960000", "effectOfAccountingCharges": "0", "incomeBeforeTax": "-14910000", "minorityInterest": "0", "sellingGeneralAdministrative": "5803000", "otherNonOperatingIncome": "85000", "operatingIncome": "-14995000", "otherOperatingExpense": "0", "interestExpense": "0", "taxProvision": "None", "interestIncome": "None", "netInterestIncome": "None", "extraordinaryItems": "0", "nonRecurring": "0", "otherItems": "0", "incomeTaxExpense": "-51000", "totalOtherIncomeExpense": "0", "discontinuedOperations": "0", "netIncomeFromContinuingOperations": "-14859000", "netIncomeApplicableToCommonShares": "-14859000", "preferredStockAndOtherAdjustments": "None"}, {"fiscalDateEnding": "2015-06-30", "reportedCurrency": "USD", "totalRevenue": "398000", "totalOperatingExpense": "14551000", "costOfRevenue": "14465000", "grossProfit": "398000", "ebit": "-14051000", "netIncome": "-14051000", "researchAndDevelopment": "8705000", "effectOfAccountingCharges": "0", "incomeBeforeTax": "-14051000", "minorityInterest": "0", "sellingGeneralAdministrative": "5846000", "otherNonOperatingIncome": "102000", "operatingIncome": "-14153000", "otherOperatingExpense": "0", "interestExpense": "0", "taxProvision": "None", "interestIncome": "None", "netInterestIncome": "None", "extraordinaryItems": "0", "nonRecurring": "0", "otherItems": "0", "incomeTaxExpense": "-54000", "totalOtherIncomeExpense": "0", "discontinuedOperations": "0", "netIncomeFromContinuingOperations": "-14051000", "netIncomeApplicableToCommonShares": "-14051000", "preferredStockAndOtherAdjustments": "None"}]}