{"symbol": "ADNT", "annualReports": [{"fiscalDateEnding": "2019-09-30", "reportedCurrency": "USD", "totalRevenue": "16526000000", "totalOperatingExpense": "16396000000", "costOfRevenue": "15725000000", "grossProfit": "801000000", "ebit": "487000000", "netIncome": "-491000000", "researchAndDevelopment": "None", "effectOfAccountingCharges": "None", "incomeBeforeTax": "2000000", "minorityInterest": "392000000", "sellingGeneralAdministrative": "671000000", "otherNonOperatingIncome": "None", "operatingIncome": "130000000", "otherOperatingExpense": "None", "interestExpense": "167000000", "taxProvision": "410000000", "interestIncome": "11000000", "netInterestIncome": "-182000000", "extraordinaryItems": "None", "nonRecurring": "None", "otherItems": "None", "incomeTaxExpense": "410000000", "totalOtherIncomeExpense": "54000000", "discontinuedOperations": "None", "netIncomeFromContinuingOperations": "-408000000", "netIncomeApplicableToCommonShares": "-491000000", "preferredStockAndOtherAdjustments": "None"}, {"fiscalDateEnding": "2018-09-30", "reportedCurrency": "USD", "totalRevenue": "17439000000", "totalOperatingExpense": "17222000000", "costOfRevenue": "16528000000", "grossProfit": "911000000", "ebit": "-532000000", "netIncome": "-1685000000", "researchAndDevelopment": "513000000", "effectOfAccountingCharges": "None", "incomeBeforeTax": "-1121000000", "minorityInterest": "372000000", "sellingGeneralAdministrative": "694000000", "otherNonOperatingIncome": "None", "operatingIncome": "217000000", "otherOperatingExpense": "None", "interestExpense": "142000000", "taxProvision": "480000000", "interestIncome": "5000000", "netInterestIncome": "-144000000", "extraordinaryItems": "-210000000", "nonRecurring": "None", "otherItems": "None", "incomeTaxExpense": "480000000", "totalOtherIncomeExpense": "-1194000000", "discontinuedOperations": "None", "netIncomeFromContinuingOperations": "-1601000000", "netIncomeApplicableToCommonShares": "-1685000000", "preferredStockAndOtherAdjustments": "None"}, {"fiscalDateEnding": "2017-09-30", "reportedCurrency": "USD", "totalRevenue": "16213000000", "totalOperatingExpense": "15496000000", "costOfRevenue": "14805000000", "grossProfit": "1408000000", "ebit": "1545000000", "netIncome": "877000000", "researchAndDevelopment": "488000000", "effectOfAccountingCharges": "None", "incomeBeforeTax": "1061000000", "minorityInterest": "341000000", "sellingGeneralAdministrative": "691000000", "otherNonOperatingIncome": "None", "operatingIncome": "717000000", "otherOperatingExpense": "None", "interestExpense": "126000000", "taxProvision": "99000000", "interestIncome": "4000000", "netInterestIncome": "-132000000", "extraordinaryItems": "None", "nonRecurring": "46000000", "otherItems": "None", "incomeTaxExpense": "99000000", "totalOtherIncomeExpense": "476000000", "discontinuedOperations": "None", "netIncomeFromContinuingOperations": "962000000", "netIncomeApplicableToCommonShares": "877000000", "preferredStockAndOtherAdjustments": "None"}, {"fiscalDateEnding": "2016-09-30", "reportedCurrency": "USD", "totalRevenue": "16837000000", "totalOperatingExpense": "16450000000", "costOfRevenue": "15228000000", "grossProfit": "1609000000", "ebit": "754000000", "netIncome": "-1533000000", "researchAndDevelopment": "460000000", "effectOfAccountingCharges": "None", "incomeBeforeTax": "390000000", "minorityInterest": "165000000", "sellingGeneralAdministrative": "1222000000", "otherNonOperatingIncome": "None", "operatingIncome": "387000000", "otherOperatingExpense": "None", "interestExpense": "20000000", "taxProvision": "1839000000", "interestIncome": "2000000", "netInterestIncome": "-22000000", "extraordinaryItems": "None", "nonRecurring": "332000000", "otherItems": "None", "incomeTaxExpense": "1839000000", "totalOtherIncomeExpense": "25000000", "discontinuedOperations": "None", "netIncomeFromContinuingOperations": "-1449000000", "netIncomeApplicableToCommonShares": "-1546000000", "preferredStockAndOtherAdjustments": "None"}, {"fiscalDateEnding": "2015-09-30", "reportedCurrency": "USD", "totalRevenue": "20023000000", "totalOperatingExpense": "19264000000", "costOfRevenue": "18171000000", "grossProfit": "1852000000", "ebit": "759000000", "netIncome": "460000000", "researchAndDevelopment": "599000000", "effectOfAccountingCharges": "None", "incomeBeforeTax": "944000000", "minorityInterest": "172000000", "sellingGeneralAdministrative": "532000000", "otherNonOperatingIncome": "None", "operatingIncome": "676000000", "otherOperatingExpense": "None", "interestExpense": "-11000000", "taxProvision": "418000000", "interestIncome": "270000000", "netInterestIncome": "None", "extraordinaryItems": "None", "nonRecurring": "182000000", "otherItems": "None", "incomeTaxExpense": "418000000", "totalOtherIncomeExpense": "185000000", "discontinuedOperations": "None", "netIncomeFromContinuingOperations": "526000000", "netIncomeApplicableToCommonShares": "460000000", "preferredStockAndOtherAdjustments": "None"}], "quarterlyReports": [{"fiscalDateEnding": "2020-06-30", "reportedCurrency": "USD", "totalRevenue": "1626000000", "totalOperatingExpense": "1894000000", "costOfRevenue": "1779000000", "grossProfit": "-153000000", "ebit": "-195000000", "netIncome": "-325000000", "researchAndDevelopment": "None", "effectOfAccountingCharges": "None", "incomeBeforeTax": "-326000000", "minorityInterest": "364000000", "sellingGeneralAdministrative": "115000000", "otherNonOperatingIncome": "None", "operatingIncome": "-268000000", "otherOperatingExpense": "None", "interestExpense": "56000000", "taxProvision": "5000000", "interestIncome": "2000000", "netInterestIncome": "-59000000", "extraordinaryItems": "None", "nonRecurring": "None", "otherItems": "None", "incomeTaxExpense": "5000000", "totalOtherIncomeExpense": "1000000", "discontinuedOperations": "None", "netIncomeFromContinuingOperations": "-331000000", "netIncomeApplicableToCommonShares": "-325000000", "preferredStockAndOtherAdjustments": "None"}, {"fiscalDateEnding": "2020-03-31", "reportedCurrency": "USD", "totalRevenue": "3511000000", "totalOperatingExpense": "3401000000", "costOfRevenue": "3274000000", "grossProfit": "237000000", "ebit": "148000000", "netIncome": "-19000000", "researchAndDevelopment": "None", "effectOfAccountingCharges": "None", "incomeBeforeTax": "18000000", "minorityInterest": "377000000", "sellingGeneralAdministrative": "127000000", "otherNonOperatingIncome": "None", "operatingIncome": "110000000", "otherOperatingExpense": "None", "interestExpense": "48000000", "taxProvision": "16000000", "interestIncome": "3000000", "netInterestIncome": "-49000000", "extraordinaryItems": "None", "nonRecurring": "None", "otherItems": "None", "incomeTaxExpense": "16000000", "totalOtherIncomeExpense": "-43000000", "discontinuedOperations": "None", "netIncomeFromContinuingOperations": "2000000", "netIncomeApplicableToCommonShares": "-19000000", "preferredStockAndOtherAdjustments": "None"}, {"fiscalDateEnding": "2019-12-31", "reportedCurrency": "USD", "totalRevenue": "3936000000", "totalOperatingExpense": "3838000000", "costOfRevenue": "3673000000", "grossProfit": "263000000", "ebit": "44000000", "netIncome": "-167000000", "researchAndDevelopment": "None", "effectOfAccountingCharges": "None", "incomeBeforeTax": "-88000000", "minorityInterest": "379000000", "sellingGeneralAdministrative": "165000000", "otherNonOperatingIncome": "None", "operatingIncome": "98000000", "otherOperatingExpense": "None", "interestExpense": "48000000", "taxProvision": "54000000", "interestIncome": "4000000", "netInterestIncome": "-48000000", "extraordinaryItems": "-1000000", "nonRecurring": "None", "otherItems": "None", "incomeTaxExpense": "54000000", "totalOtherIncomeExpense": "-138000000", "discontinuedOperations": "None", "netIncomeFromContinuingOperations": "-142000000", "netIncomeApplicableToCommonShares": "-167000000", "preferredStockAndOtherAdjustments": "None"}, {"fiscalDateEnding": "2019-09-30", "reportedCurrency": "USD", "totalRevenue": "3921000000", "totalOperatingExpense": "3868000000", "costOfRevenue": "3708000000", "grossProfit": "213000000", "ebit": "143000000", "netIncome": "-4000000", "researchAndDevelopment": "None", "effectOfAccountingCharges": "None", "incomeBeforeTax": "13000000", "minorityInterest": "392000000", "sellingGeneralAdministrative": "160000000", "otherNonOperatingIncome": "None", "operatingIncome": "53000000", "otherOperatingExpense": "None", "interestExpense": "48000000", "taxProvision": "-2000000", "interestIncome": "3000000", "netInterestIncome": "-46000000", "extraordinaryItems": "None", "nonRecurring": "None", "otherItems": "None", "incomeTaxExpense": "-2000000", "totalOtherIncomeExpense": "6000000", "discontinuedOperations": "None", "netIncomeFromContinuingOperations": "15000000", "netIncomeApplicableToCommonShares": "-4000000", "preferredStockAndOtherAdjustments": "None"}, {"fiscalDateEnding": "2019-06-30", "reportedCurrency": "USD", "totalRevenue": "4219000000", "totalOperatingExpense": "4173000000", "costOfRevenue": "4008000000", "grossProfit": "211000000", "ebit": "155000000", "netIncome": "-321000000", "researchAndDevelopment": "None", "effectOfAccountingCharges": "None", "incomeBeforeTax": "30000000", "minorityInterest": "407000000", "sellingGeneralAdministrative": "165000000", "otherNonOperatingIncome": "None", "operatingIncome": "46000000", "otherOperatingExpense": "None", "interestExpense": "46000000", "taxProvision": "338000000", "interestIncome": "4000000", "netInterestIncome": "-60000000", "extraordinaryItems": "None", "nonRecurring": "None", "otherItems": "None", "incomeTaxExpense": "338000000", "totalOtherIncomeExpense": "44000000", "discontinuedOperations": "None", "netIncomeFromContinuingOperations": "-308000000", "netIncomeApplicableToCommonShares": "-321000000", "preferredStockAndOtherAdjustments": "None"}, {"fiscalDateEnding": "2019-03-31", "reportedCurrency": "USD", "totalRevenue": "4228000000", "totalOperatingExpense": "4199000000", "costOfRevenue": "4031000000", "grossProfit": "197000000", "ebit": "58000000", "netIncome": "-149000000", "researchAndDevelopment": "None", "effectOfAccountingCharges": "None", "incomeBeforeTax": "-62000000", "minorityInterest": "410000000", "sellingGeneralAdministrative": "172000000", "otherNonOperatingIncome": "None", "operatingIncome": "-84000000", "otherOperatingExpense": "None", "interestExpense": "-4000000", "taxProvision": "64000000", "interestIncome": "26000000", "netInterestIncome": "-39000000", "extraordinaryItems": "None", "nonRecurring": "None", "otherItems": "None", "incomeTaxExpense": "64000000", "totalOtherIncomeExpense": "-52000000", "discontinuedOperations": "None", "netIncomeFromContinuingOperations": "-126000000", "netIncomeApplicableToCommonShares": "-149000000", "preferredStockAndOtherAdjustments": "None"}, {"fiscalDateEnding": "2018-12-31", "reportedCurrency": "USD", "totalRevenue": "4158000000", "totalOperatingExpense": "4154000000", "costOfRevenue": "3978000000", "grossProfit": "180000000", "ebit": "4000000", "netIncome": "-17000000", "researchAndDevelopment": "0", "effectOfAccountingCharges": "None", "incomeBeforeTax": "21000000", "minorityInterest": "385000000", "sellingGeneralAdministrative": "176000000", "otherNonOperatingIncome": "None", "operatingIncome": "4000000", "otherOperatingExpense": "None", "interestExpense": "-36000000", "taxProvision": "None", "interestIncome": "None", "netInterestIncome": "None", "extraordinaryItems": "None", "nonRecurring": "None", "otherItems": "None", "incomeTaxExpense": "10000000", "totalOtherIncomeExpense": "17000000", "discontinuedOperations": "None", "netIncomeFromContinuingOperations": "11000000", "netIncomeApplicableToCommonShares": "-17000000", "preferredStockAndOtherAdjustments": "None"}, {"fiscalDateEnding": "2018-09-30", "reportedCurrency": "USD", "totalRevenue": "4145000000", "totalOperatingExpense": "4074000000", "costOfRevenue": "3966000000", "grossProfit": "179000000", "ebit": "71000000", "netIncome": "-1355000000", "researchAndDevelopment": "513000000", "effectOfAccountingCharges": "0", "incomeBeforeTax": "-1079000000", "minorityInterest": "372000000", "sellingGeneralAdministrative": "-405000000", "otherNonOperatingIncome": "None", "operatingIncome": "71000000", "otherOperatingExpense": "0", "interestExpense": "-34000000", "taxProvision": "None", "interestIncome": "None", "netInterestIncome": "None", "extraordinaryItems": "0", "nonRecurring": "-630000000", "otherItems": "0", "incomeTaxExpense": "256000000", "totalOtherIncomeExpense": "-1150000000", "discontinuedOperations": "0", "netIncomeFromContinuingOperations": "-1335000000", "netIncomeApplicableToCommonShares": "-1355000000", "preferredStockAndOtherAdjustments": "None"}, {"fiscalDateEnding": "2018-06-30", "reportedCurrency": "USD", "totalRevenue": "4494000000", "totalOperatingExpense": "4418000000", "costOfRevenue": "4248000000", "grossProfit": "246000000", "ebit": "76000000", "netIncome": "54000000", "researchAndDevelopment": "513000000", "effectOfAccountingCharges": "0", "incomeBeforeTax": "60000000", "minorityInterest": "354000000", "sellingGeneralAdministrative": "170000000", "otherNonOperatingIncome": "None", "operatingIncome": "76000000", "otherOperatingExpense": "0", "interestExpense": "-38000000", "taxProvision": "None", "interestIncome": "None", "netInterestIncome": "None", "extraordinaryItems": "0", "nonRecurring": "1575000000", "otherItems": "0", "incomeTaxExpense": "-13000000", "totalOtherIncomeExpense": "-16000000", "discontinuedOperations": "0", "netIncomeFromContinuingOperations": "73000000", "netIncomeApplicableToCommonShares": "54000000", "preferredStockAndOtherAdjustments": "None"}, {"fiscalDateEnding": "2018-03-31", "reportedCurrency": "USD", "totalRevenue": "4596000000", "totalOperatingExpense": "4488000000", "costOfRevenue": "4312000000", "grossProfit": "284000000", "ebit": "108000000", "netIncome": "-168000000", "researchAndDevelopment": "513000000", "effectOfAccountingCharges": "0", "incomeBeforeTax": "-171000000", "minorityInterest": "365000000", "sellingGeneralAdministrative": "176000000", "otherNonOperatingIncome": "None", "operatingIncome": "108000000", "otherOperatingExpense": "0", "interestExpense": "-36000000", "taxProvision": "None", "interestIncome": "None", "netInterestIncome": "None", "extraordinaryItems": "0", "nonRecurring": "-1260000000", "otherItems": "0", "incomeTaxExpense": "-28000000", "totalOtherIncomeExpense": "-279000000", "discontinuedOperations": "0", "netIncomeFromContinuingOperations": "-143000000", "netIncomeApplicableToCommonShares": "-168000000", "preferredStockAndOtherAdjustments": "None"}, {"fiscalDateEnding": "2017-12-31", "reportedCurrency": "USD", "totalRevenue": "4204000000", "totalOperatingExpense": "4198000000", "costOfRevenue": "3890000000", "grossProfit": "202000000", "ebit": "6000000", "netIncome": "-216000000", "researchAndDevelopment": "513000000", "effectOfAccountingCharges": "0", "incomeBeforeTax": "69000000", "minorityInterest": "20000000", "sellingGeneralAdministrative": "183000000", "otherNonOperatingIncome": "None", "operatingIncome": "23000000", "otherOperatingExpense": "0", "interestExpense": "36000000", "taxProvision": "None", "interestIncome": "None", "netInterestIncome": "None", "extraordinaryItems": "0", "nonRecurring": "315000000", "otherItems": "0", "incomeTaxExpense": "265000000", "totalOtherIncomeExpense": "63000000", "discontinuedOperations": "0", "netIncomeFromContinuingOperations": "-196000000", "netIncomeApplicableToCommonShares": "-216000000", "preferredStockAndOtherAdjustments": "None"}, {"fiscalDateEnding": "2017-09-30", "reportedCurrency": "USD", "totalRevenue": "3979000000", "totalOperatingExpense": "11659000000", "costOfRevenue": "3574000000", "grossProfit": "1037000000", "ebit": "305000000", "netIncome": "344000000", "researchAndDevelopment": "138000000", "effectOfAccountingCharges": "0", "incomeBeforeTax": "356000000", "minorityInterest": "17000000", "sellingGeneralAdministrative": "116000000", "otherNonOperatingIncome": "None", "operatingIncome": "192000000", "otherOperatingExpense": "0", "interestExpense": "34000000", "taxProvision": "None", "interestIncome": "None", "netInterestIncome": "None", "extraordinaryItems": "0", "nonRecurring": "-6000000", "otherItems": "0", "incomeTaxExpense": "60000000", "totalOtherIncomeExpense": "322000000", "discontinuedOperations": "0", "netIncomeFromContinuingOperations": "424000000", "netIncomeApplicableToCommonShares": "344000000", "preferredStockAndOtherAdjustments": "None"}, {"fiscalDateEnding": "2017-06-30", "reportedCurrency": "USD", "totalRevenue": "4007000000", "totalOperatingExpense": "3815000000", "costOfRevenue": "3541000000", "grossProfit": "-8000000", "ebit": "1077000000", "netIncome": "201000000", "researchAndDevelopment": "0", "effectOfAccountingCharges": "0", "incomeBeforeTax": "262000000", "minorityInterest": "22000000", "sellingGeneralAdministrative": "166000000", "otherNonOperatingIncome": "None", "operatingIncome": "212000000", "otherOperatingExpense": "0", "interestExpense": "33000000", "taxProvision": "None", "interestIncome": "None", "netInterestIncome": "None", "extraordinaryItems": "0", "nonRecurring": "70000000", "otherItems": "0", "incomeTaxExpense": "39000000", "totalOtherIncomeExpense": "0", "discontinuedOperations": "0", "netIncomeFromContinuingOperations": "1241000000", "netIncomeApplicableToCommonShares": "201000000", "preferredStockAndOtherAdjustments": "None"}, {"fiscalDateEnding": "2017-03-31", "reportedCurrency": "USD", "totalRevenue": "4201000000", "totalOperatingExpense": "0", "costOfRevenue": "3731000000", "grossProfit": "29000000", "ebit": "-877000000", "netIncome": "190000000", "researchAndDevelopment": "0", "effectOfAccountingCharges": "0", "incomeBeforeTax": "251000000", "minorityInterest": "24000000", "sellingGeneralAdministrative": "174000000", "otherNonOperatingIncome": "None", "operatingIncome": "211000000", "otherOperatingExpense": "0", "interestExpense": "34000000", "taxProvision": "None", "interestIncome": "None", "netInterestIncome": "None", "extraordinaryItems": "0", "nonRecurring": "-24000000", "otherItems": "0", "incomeTaxExpense": "37000000", "totalOtherIncomeExpense": "0", "discontinuedOperations": "0", "netIncomeFromContinuingOperations": "-953000000", "netIncomeApplicableToCommonShares": "190000000", "preferredStockAndOtherAdjustments": "None"}, {"fiscalDateEnding": "2016-12-31", "reportedCurrency": "USD", "totalRevenue": "4026000000", "totalOperatingExpense": "0", "costOfRevenue": "3587000000", "grossProfit": "350000000", "ebit": "234000000", "netIncome": "142000000", "researchAndDevelopment": "0", "effectOfAccountingCharges": "0", "incomeBeforeTax": "192000000", "minorityInterest": "22000000", "sellingGeneralAdministrative": "188000000", "otherNonOperatingIncome": "None", "operatingIncome": "163000000", "otherOperatingExpense": "0", "interestExpense": "35000000", "taxProvision": "None", "interestIncome": "None", "netInterestIncome": "None", "extraordinaryItems": "0", "nonRecurring": "6000000", "otherItems": "0", "incomeTaxExpense": "28000000", "totalOtherIncomeExpense": "0", "discontinuedOperations": "0", "netIncomeFromContinuingOperations": "250000000", "netIncomeApplicableToCommonShares": "142000000", "preferredStockAndOtherAdjustments": "None"}, {"fiscalDateEnding": "2016-09-30", "reportedCurrency": "USD", "totalRevenue": "3944000000", "totalOperatingExpense": "11942000000", "costOfRevenue": "3485000000", "grossProfit": "1163000000", "ebit": "486000000", "netIncome": "-1532000000", "researchAndDevelopment": "152000000", "effectOfAccountingCharges": "0", "incomeBeforeTax": "234000000", "minorityInterest": "23000000", "sellingGeneralAdministrative": "286000000", "otherNonOperatingIncome": "None", "operatingIncome": "82000000", "otherOperatingExpense": "0", "interestExpense": "15000000", "taxProvision": "None", "interestIncome": "None", "netInterestIncome": "None", "extraordinaryItems": "0", "nonRecurring": "332000000", "otherItems": "0", "incomeTaxExpense": "812000000", "totalOtherIncomeExpense": "-348000000", "discontinuedOperations": "0", "netIncomeFromContinuingOperations": "-1462000000", "netIncomeApplicableToCommonShares": "-1546000000", "preferredStockAndOtherAdjustments": "None"}, {"fiscalDateEnding": "2016-06-30", "reportedCurrency": "USD", "totalRevenue": "4362000000", "totalOperatingExpense": "69000000", "costOfRevenue": "3832000000", "grossProfit": "16000000", "ebit": "-5000000", "netIncome": "765000000", "researchAndDevelopment": "0", "effectOfAccountingCharges": "0", "incomeBeforeTax": "143000000", "minorityInterest": "21000000", "sellingGeneralAdministrative": "207000000", "otherNonOperatingIncome": "None", "operatingIncome": "242000000", "otherOperatingExpense": "0", "interestExpense": "2000000", "taxProvision": "None", "interestIncome": "None", "netInterestIncome": "None", "extraordinaryItems": "0", "nonRecurring": "0", "otherItems": "0", "incomeTaxExpense": "136000000", "totalOtherIncomeExpense": "0", "discontinuedOperations": "0", "netIncomeFromContinuingOperations": "0", "netIncomeApplicableToCommonShares": "0", "preferredStockAndOtherAdjustments": "None"}, {"fiscalDateEnding": "2016-03-31", "reportedCurrency": "USD", "totalRevenue": "4298000000", "totalOperatingExpense": "4054000000", "costOfRevenue": "3779000000", "grossProfit": "430000000", "ebit": "244000000", "netIncome": "-916000000", "researchAndDevelopment": "0", "effectOfAccountingCharges": "0", "incomeBeforeTax": "82000000", "minorityInterest": "23000000", "sellingGeneralAdministrative": "186000000", "otherNonOperatingIncome": "None", "operatingIncome": "247000000", "otherOperatingExpense": "0", "interestExpense": "3000000", "taxProvision": "None", "interestIncome": "None", "netInterestIncome": "None", "extraordinaryItems": "0", "nonRecurring": "0", "otherItems": "0", "incomeTaxExpense": "838000000", "totalOtherIncomeExpense": "0", "discontinuedOperations": "0", "netIncomeFromContinuingOperations": "0", "netIncomeApplicableToCommonShares": "-137000000", "preferredStockAndOtherAdjustments": "None"}, {"fiscalDateEnding": "2015-12-31", "reportedCurrency": "USD", "totalRevenue": "4233000000", "totalOperatingExpense": "0", "costOfRevenue": "3775000000", "grossProfit": "0", "ebit": "0", "netIncome": "137000000", "researchAndDevelopment": "0", "effectOfAccountingCharges": "0", "incomeBeforeTax": "207000000", "minorityInterest": "17000000", "sellingGeneralAdministrative": "193000000", "otherNonOperatingIncome": "None", "operatingIncome": "179000000", "otherOperatingExpense": "0", "interestExpense": "2000000", "taxProvision": "None", "interestIncome": "None", "netInterestIncome": "None", "extraordinaryItems": "0", "nonRecurring": "0", "otherItems": "0", "incomeTaxExpense": "53000000", "totalOtherIncomeExpense": "0", "discontinuedOperations": "0", "netIncomeFromContinuingOperations": "0", "netIncomeApplicableToCommonShares": "137000000", "preferredStockAndOtherAdjustments": "None"}, {"fiscalDateEnding": "2015-09-30", "reportedCurrency": "USD", "totalRevenue": "4162000000", "totalOperatingExpense": "19264000000", "costOfRevenue": "3699000000", "grossProfit": "1852000000", "ebit": "759000000", "netIncome": "252000000", "researchAndDevelopment": "235000000", "effectOfAccountingCharges": "0", "incomeBeforeTax": "181000000", "minorityInterest": "13000000", "sellingGeneralAdministrative": "225000000", "otherNonOperatingIncome": "None", "operatingIncome": "157000000", "otherOperatingExpense": "0", "interestExpense": "2000000", "taxProvision": "None", "interestIncome": "None", "netInterestIncome": "None", "extraordinaryItems": "0", "nonRecurring": "182000000", "otherItems": "0", "incomeTaxExpense": "284000000", "totalOtherIncomeExpense": "185000000", "discontinuedOperations": "0", "netIncomeFromContinuingOperations": "526000000", "netIncomeApplicableToCommonShares": "252000000", "preferredStockAndOtherAdjustments": "None"}, {"fiscalDateEnding": "2015-06-30", "reportedCurrency": "USD", "totalRevenue": "5402000000", "totalOperatingExpense": "0", "costOfRevenue": "4760000000", "grossProfit": "0", "ebit": "0", "netIncome": "208000000", "researchAndDevelopment": "0", "effectOfAccountingCharges": "0", "incomeBeforeTax": "322000000", "minorityInterest": "16000000", "sellingGeneralAdministrative": "299000000", "otherNonOperatingIncome": "None", "operatingIncome": "255000000", "otherOperatingExpense": "0", "interestExpense": "4000000", "taxProvision": "None", "interestIncome": "None", "netInterestIncome": "None", "extraordinaryItems": "0", "nonRecurring": "0", "otherItems": "0", "incomeTaxExpense": "98000000", "totalOtherIncomeExpense": "0", "discontinuedOperations": "0", "netIncomeFromContinuingOperations": "0", "netIncomeApplicableToCommonShares": "208000000", "preferredStockAndOtherAdjustments": "None"}]}