{"symbol": "ADP", "annualReports": [{"fiscalDateEnding": "2020-06-30", "reportedCurrency": "USD", "totalRevenue": "14589800000", "totalOperatingExpense": "3003000000", "costOfRevenue": "8445100000", "grossProfit": "6144700000", "ebit": "3289700000", "netIncome": "2466500000", "researchAndDevelopment": "None", "effectOfAccountingCharges": "None", "incomeBeforeTax": "3182600000", "minorityInterest": "None", "sellingGeneralAdministrative": "3003000000", "otherNonOperatingIncome": "148000000", "operatingIncome": "3141700000", "otherOperatingExpense": "None", "interestExpense": "107100000", "taxProvision": "716100000", "interestIncome": "84500000", "netInterestIncome": "-107100000", "extraordinaryItems": "6300000", "nonRecurring": "None", "otherItems": "None", "incomeTaxExpense": "716100000", "totalOtherIncomeExpense": "148000000", "discontinuedOperations": "None", "netIncomeFromContinuingOperations": "2466500000", "netIncomeApplicableToCommonShares": "2466500000", "preferredStockAndOtherAdjustments": "None"}, {"fiscalDateEnding": "2019-06-30", "reportedCurrency": "USD", "totalRevenue": "14175200000", "totalOperatingExpense": "2759800000", "costOfRevenue": "8086600000", "grossProfit": "6088600000", "ebit": "3439900000", "netIncome": "2292800000", "researchAndDevelopment": "None", "effectOfAccountingCharges": "None", "incomeBeforeTax": "3005600000", "minorityInterest": "None", "sellingGeneralAdministrative": "3064200000", "otherNonOperatingIncome": "111100000", "operatingIncome": "3328800000", "otherOperatingExpense": "-304400000", "interestExpense": "129900000", "taxProvision": "712800000", "interestIncome": "97600000", "netInterestIncome": "-32300000", "extraordinaryItems": "-500000", "nonRecurring": "None", "otherItems": "None", "incomeTaxExpense": "712800000", "totalOtherIncomeExpense": "13500000", "discontinuedOperations": "None", "netIncomeFromContinuingOperations": "2292800000", "netIncomeApplicableToCommonShares": "2292800000", "preferredStockAndOtherAdjustments": "None"}, {"fiscalDateEnding": "2018-06-30", "reportedCurrency": "USD", "totalRevenue": "13325800000", "totalOperatingExpense": "2971500000", "costOfRevenue": "7842600000", "grossProfit": "5483200000", "ebit": "2273800000", "netIncome": "1620800000", "researchAndDevelopment": "630200000", "effectOfAccountingCharges": "None", "incomeBeforeTax": "2171100000", "minorityInterest": "None", "sellingGeneralAdministrative": "2971500000", "otherNonOperatingIncome": "-237900000", "operatingIncome": "2511700000", "otherOperatingExpense": "None", "interestExpense": "102700000", "taxProvision": "550300000", "interestIncome": "83500000", "netInterestIncome": "-19200000", "extraordinaryItems": "-183200000", "nonRecurring": "None", "otherItems": "None", "incomeTaxExpense": "550300000", "totalOtherIncomeExpense": "-321400000", "discontinuedOperations": "None", "netIncomeFromContinuingOperations": "1620800000", "netIncomeApplicableToCommonShares": "1620800000", "preferredStockAndOtherAdjustments": "None"}, {"fiscalDateEnding": "2017-06-30", "reportedCurrency": "USD", "totalRevenue": "12379800000", "totalOperatingExpense": "2783200000", "costOfRevenue": "7269800000", "grossProfit": "5110000000", "ebit": "2611100000", "netIncome": "1733400000", "researchAndDevelopment": "627500000", "effectOfAccountingCharges": "None", "incomeBeforeTax": "2531100000", "minorityInterest": "None", "sellingGeneralAdministrative": "2783200000", "otherNonOperatingIncome": "284300000", "operatingIncome": "2326800000", "otherOperatingExpense": "None", "interestExpense": "80000000", "taxProvision": "797700000", "interestIncome": "76700000", "netInterestIncome": "-3300000", "extraordinaryItems": "None", "nonRecurring": "None", "otherItems": "None", "incomeTaxExpense": "797700000", "totalOtherIncomeExpense": "207600000", "discontinuedOperations": "None", "netIncomeFromContinuingOperations": "1733400000", "netIncomeApplicableToCommonShares": "1733400000", "preferredStockAndOtherAdjustments": "None"}, {"fiscalDateEnding": "2016-06-30", "reportedCurrency": "USD", "totalRevenue": "11667800000", "totalOperatingExpense": "2637000000", "costOfRevenue": "6840300000", "grossProfit": "4827500000", "ebit": "2290900000", "netIncome": "1492500000", "researchAndDevelopment": "603700000", "effectOfAccountingCharges": "None", "incomeBeforeTax": "2234700000", "minorityInterest": "None", "sellingGeneralAdministrative": "2637000000", "otherNonOperatingIncome": "100400000", "operatingIncome": "2190500000", "otherOperatingExpense": "None", "interestExpense": "56200000", "taxProvision": "741300000", "interestIncome": "1200000", "netInterestIncome": "6200000", "extraordinaryItems": "-900000", "nonRecurring": "None", "otherItems": "None", "incomeTaxExpense": "741300000", "totalOtherIncomeExpense": "38000000", "discontinuedOperations": "-900000", "netIncomeFromContinuingOperations": "1493400000", "netIncomeApplicableToCommonShares": "1492500000", "preferredStockAndOtherAdjustments": "None"}], "quarterlyReports": [{"fiscalDateEnding": "2020-06-30", "reportedCurrency": "USD", "totalRevenue": "3376800000", "totalOperatingExpense": "765600000", "costOfRevenue": "2067100000", "grossProfit": "1309700000", "ebit": "546900000", "netIncome": "411600000", "researchAndDevelopment": "None", "effectOfAccountingCharges": "None", "incomeBeforeTax": "531300000", "minorityInterest": "None", "sellingGeneralAdministrative": "765600000", "otherNonOperatingIncome": "2800000", "operatingIncome": "544100000", "otherOperatingExpense": "None", "interestExpense": "15600000", "taxProvision": "119700000", "interestIncome": "14500000", "netInterestIncome": "-85700000", "extraordinaryItems": "6300000", "nonRecurring": "None", "otherItems": "None", "incomeTaxExpense": "119700000", "totalOtherIncomeExpense": "72900000", "discontinuedOperations": "None", "netIncomeFromContinuingOperations": "411600000", "netIncomeApplicableToCommonShares": "411600000", "preferredStockAndOtherAdjustments": "None"}, {"fiscalDateEnding": "2020-03-31", "reportedCurrency": "USD", "totalRevenue": "4047800000", "totalOperatingExpense": "756600000", "costOfRevenue": "2239100000", "grossProfit": "1808700000", "ebit": "1096700000", "netIncome": "820900000", "researchAndDevelopment": "None", "effectOfAccountingCharges": "None", "incomeBeforeTax": "1076700000", "minorityInterest": "None", "sellingGeneralAdministrative": "756600000", "otherNonOperatingIncome": "44600000", "operatingIncome": "1052100000", "otherOperatingExpense": "None", "interestExpense": "20000000", "taxProvision": "255800000", "interestIncome": "12100000", "netInterestIncome": "-7900000", "extraordinaryItems": "None", "nonRecurring": "None", "otherItems": "None", "incomeTaxExpense": "255800000", "totalOtherIncomeExpense": "32500000", "discontinuedOperations": "None", "netIncomeFromContinuingOperations": "820900000", "netIncomeApplicableToCommonShares": "820900000", "preferredStockAndOtherAdjustments": "None"}, {"fiscalDateEnding": "2019-12-31", "reportedCurrency": "USD", "totalRevenue": "3669500000", "totalOperatingExpense": "754300000", "costOfRevenue": "2094100000", "grossProfit": "1575400000", "ebit": "867100000", "netIncome": "651600000", "researchAndDevelopment": "None", "effectOfAccountingCharges": "None", "incomeBeforeTax": "835500000", "minorityInterest": "None", "sellingGeneralAdministrative": "754300000", "otherNonOperatingIncome": "46000000", "operatingIncome": "821100000", "otherOperatingExpense": "None", "interestExpense": "31600000", "taxProvision": "183900000", "interestIncome": "25700000", "netInterestIncome": "-5900000", "extraordinaryItems": "None", "nonRecurring": "None", "otherItems": "None", "incomeTaxExpense": "183900000", "totalOtherIncomeExpense": "20300000", "discontinuedOperations": "None", "netIncomeFromContinuingOperations": "651600000", "netIncomeApplicableToCommonShares": "651600000", "preferredStockAndOtherAdjustments": "None"}, {"fiscalDateEnding": "2019-09-30", "reportedCurrency": "USD", "totalRevenue": "3495700000", "totalOperatingExpense": "726500000", "costOfRevenue": "2044800000", "grossProfit": "1450900000", "ebit": "779000000", "netIncome": "582400000", "researchAndDevelopment": "None", "effectOfAccountingCharges": "None", "incomeBeforeTax": "739100000", "minorityInterest": "None", "sellingGeneralAdministrative": "726500000", "otherNonOperatingIncome": "54600000", "operatingIncome": "724400000", "otherOperatingExpense": "None", "interestExpense": "39900000", "taxProvision": "156700000", "interestIncome": "32300000", "netInterestIncome": "-7600000", "extraordinaryItems": "None", "nonRecurring": "None", "otherItems": "None", "incomeTaxExpense": "156700000", "totalOtherIncomeExpense": "22300000", "discontinuedOperations": "None", "netIncomeFromContinuingOperations": "582400000", "netIncomeApplicableToCommonShares": "582400000", "preferredStockAndOtherAdjustments": "None"}, {"fiscalDateEnding": "2019-06-30", "reportedCurrency": "USD", "totalRevenue": "3498700000", "totalOperatingExpense": "550300000", "costOfRevenue": "2020600000", "grossProfit": "1478100000", "ebit": "971400000", "netIncome": "475500000", "researchAndDevelopment": "None", "effectOfAccountingCharges": "None", "incomeBeforeTax": "633300000", "minorityInterest": "None", "sellingGeneralAdministrative": "854700000", "otherNonOperatingIncome": "43600000", "operatingIncome": "927800000", "otherOperatingExpense": "-304400000", "interestExpense": "33700000", "taxProvision": "157900000", "interestIncome": "26000000", "netInterestIncome": "-7700000", "extraordinaryItems": "None", "nonRecurring": "None", "otherItems": "None", "incomeTaxExpense": "806200000", "totalOtherIncomeExpense": "17600000", "discontinuedOperations": "None", "netIncomeFromContinuingOperations": "-172900000", "netIncomeApplicableToCommonShares": "475500000", "preferredStockAndOtherAdjustments": "None"}, {"fiscalDateEnding": "2019-03-31", "reportedCurrency": "USD", "totalRevenue": "3847400000", "totalOperatingExpense": "750400000", "costOfRevenue": "2111800000", "grossProfit": "1735600000", "ebit": "1006200000", "netIncome": "753700000", "researchAndDevelopment": "None", "effectOfAccountingCharges": "None", "incomeBeforeTax": "984500000", "minorityInterest": "None", "sellingGeneralAdministrative": "750400000", "otherNonOperatingIncome": "21000000", "operatingIncome": "985200000", "otherOperatingExpense": "None", "interestExpense": "21700000", "taxProvision": "230800000", "interestIncome": "15000000", "netInterestIncome": "-6700000", "extraordinaryItems": "None", "nonRecurring": "None", "otherItems": "None", "incomeTaxExpense": "230800000", "totalOtherIncomeExpense": "6000000", "discontinuedOperations": "None", "netIncomeFromContinuingOperations": "753700000", "netIncomeApplicableToCommonShares": "753700000", "preferredStockAndOtherAdjustments": "None"}, {"fiscalDateEnding": "2018-12-31", "reportedCurrency": "USD", "totalRevenue": "3505900000", "totalOperatingExpense": "745200000", "costOfRevenue": "2013700000", "grossProfit": "1492200000", "ebit": "779600000", "netIncome": "558200000", "researchAndDevelopment": "156100000", "effectOfAccountingCharges": "None", "incomeBeforeTax": "741000000", "minorityInterest": "None", "sellingGeneralAdministrative": "745200000", "otherNonOperatingIncome": "32600000", "operatingIncome": "747000000", "otherOperatingExpense": "None", "interestExpense": "38600000", "taxProvision": "None", "interestIncome": "None", "netInterestIncome": "None", "extraordinaryItems": "600000", "nonRecurring": "None", "otherItems": "None", "incomeTaxExpense": "-182800000", "totalOtherIncomeExpense": "-28500000", "discontinuedOperations": "None", "netIncomeFromContinuingOperations": "923800000", "netIncomeApplicableToCommonShares": "558200000", "preferredStockAndOtherAdjustments": "None"}, {"fiscalDateEnding": "2018-09-30", "reportedCurrency": "USD", "totalRevenue": "3323200000", "totalOperatingExpense": "713900000", "costOfRevenue": "1940500000", "grossProfit": "1382700000", "ebit": "682700000", "netIncome": "505400000", "researchAndDevelopment": "158000000", "effectOfAccountingCharges": "None", "incomeBeforeTax": "646800000", "minorityInterest": "None", "sellingGeneralAdministrative": "713900000", "otherNonOperatingIncome": "13900000", "operatingIncome": "668800000", "otherOperatingExpense": "None", "interestExpense": "35900000", "taxProvision": "None", "interestIncome": "None", "netInterestIncome": "None", "extraordinaryItems": "None", "nonRecurring": "None", "otherItems": "None", "incomeTaxExpense": "-141400000", "totalOtherIncomeExpense": "-36800000", "discontinuedOperations": "None", "netIncomeFromContinuingOperations": "788200000", "netIncomeApplicableToCommonShares": "505400000", "preferredStockAndOtherAdjustments": "None"}, {"fiscalDateEnding": "2018-06-30", "reportedCurrency": "USD", "totalRevenue": "3318600000", "totalOperatingExpense": "836800000", "costOfRevenue": "1952100000", "grossProfit": "1366500000", "ebit": "233200000", "netIncome": "108700000", "researchAndDevelopment": "152600000", "effectOfAccountingCharges": "0", "incomeBeforeTax": "204600000", "minorityInterest": "0", "sellingGeneralAdministrative": "836800000", "otherNonOperatingIncome": "-296500000", "operatingIncome": "529700000", "otherOperatingExpense": "0", "interestExpense": "28600000", "taxProvision": "None", "interestIncome": "None", "netInterestIncome": "None", "extraordinaryItems": "0", "nonRecurring": "0", "otherItems": "0", "incomeTaxExpense": "1004700000", "totalOtherIncomeExpense": "-344900000", "discontinuedOperations": "0", "netIncomeFromContinuingOperations": "-800100000", "netIncomeApplicableToCommonShares": "108700000", "preferredStockAndOtherAdjustments": "None"}, {"fiscalDateEnding": "2018-03-31", "reportedCurrency": "USD", "totalRevenue": "3693000000", "totalOperatingExpense": "755100000", "costOfRevenue": "2077400000", "grossProfit": "1615600000", "ebit": "871200000", "netIncome": "643100000", "researchAndDevelopment": "162500000", "effectOfAccountingCharges": "0", "incomeBeforeTax": "852600000", "minorityInterest": "0", "sellingGeneralAdministrative": "755100000", "otherNonOperatingIncome": "10700000", "operatingIncome": "860500000", "otherOperatingExpense": "0", "interestExpense": "18600000", "taxProvision": "None", "interestIncome": "None", "netInterestIncome": "None", "extraordinaryItems": "0", "nonRecurring": "0", "otherItems": "0", "incomeTaxExpense": "-209500000", "totalOtherIncomeExpense": "-19700000", "discontinuedOperations": "0", "netIncomeFromContinuingOperations": "1062100000", "netIncomeApplicableToCommonShares": "643100000", "preferredStockAndOtherAdjustments": "None"}, {"fiscalDateEnding": "2017-12-31", "reportedCurrency": "USD", "totalRevenue": "3235400000", "totalOperatingExpense": "717200000", "costOfRevenue": "1946700000", "grossProfit": "1288700000", "ebit": "593200000", "netIncome": "467500000", "researchAndDevelopment": "159400000", "effectOfAccountingCharges": "0", "incomeBeforeTax": "565700000", "minorityInterest": "0", "sellingGeneralAdministrative": "717200000", "otherNonOperatingIncome": "21700000", "operatingIncome": "571500000", "otherOperatingExpense": "0", "interestExpense": "27500000", "taxProvision": "None", "interestIncome": "None", "netInterestIncome": "None", "extraordinaryItems": "0", "nonRecurring": "0", "otherItems": "0", "incomeTaxExpense": "-98200000", "totalOtherIncomeExpense": "-34300000", "discontinuedOperations": "0", "netIncomeFromContinuingOperations": "663900000", "netIncomeApplicableToCommonShares": "467500000", "preferredStockAndOtherAdjustments": "None"}, {"fiscalDateEnding": "2017-09-30", "reportedCurrency": "USD", "totalRevenue": "3078800000", "totalOperatingExpense": "662400000", "costOfRevenue": "1866400000", "grossProfit": "1212400000", "ebit": "576200000", "netIncome": "401500000", "researchAndDevelopment": "158200000", "effectOfAccountingCharges": "0", "incomeBeforeTax": "548200000", "minorityInterest": "0", "sellingGeneralAdministrative": "662400000", "otherNonOperatingIncome": "26200000", "operatingIncome": "550000000", "otherOperatingExpense": "0", "interestExpense": "28000000", "taxProvision": "None", "interestIncome": "None", "netInterestIncome": "None", "extraordinaryItems": "0", "nonRecurring": "0", "otherItems": "0", "incomeTaxExpense": "-146700000", "totalOtherIncomeExpense": "26200000", "discontinuedOperations": "0", "netIncomeFromContinuingOperations": "694900000", "netIncomeApplicableToCommonShares": "401500000", "preferredStockAndOtherAdjustments": "None"}, {"fiscalDateEnding": "2017-06-30", "reportedCurrency": "USD", "totalRevenue": "3064800000", "totalOperatingExpense": "829700000", "costOfRevenue": "1847400000", "grossProfit": "1217400000", "ebit": "411100000", "netIncome": "265900000", "researchAndDevelopment": "166900000", "effectOfAccountingCharges": "0", "incomeBeforeTax": "388300000", "minorityInterest": "0", "sellingGeneralAdministrative": "829700000", "otherNonOperatingIncome": "23400000", "operatingIncome": "387700000", "otherOperatingExpense": "0", "interestExpense": "22800000", "taxProvision": "None", "interestIncome": "None", "netInterestIncome": "None", "extraordinaryItems": "0", "nonRecurring": "0", "otherItems": "0", "incomeTaxExpense": "122400000", "totalOtherIncomeExpense": "115300000", "discontinuedOperations": "0", "netIncomeFromContinuingOperations": "265900000", "netIncomeApplicableToCommonShares": "265900000", "preferredStockAndOtherAdjustments": "None"}, {"fiscalDateEnding": "2017-03-31", "reportedCurrency": "USD", "totalRevenue": "3410800000", "totalOperatingExpense": "665000000", "costOfRevenue": "1911000000", "grossProfit": "1499800000", "ebit": "844700000", "netIncome": "587900000", "researchAndDevelopment": "153200000", "effectOfAccountingCharges": "0", "incomeBeforeTax": "827900000", "minorityInterest": "0", "sellingGeneralAdministrative": "665000000", "otherNonOperatingIncome": "9900000", "operatingIncome": "834800000", "otherOperatingExpense": "0", "interestExpense": "16800000", "taxProvision": "None", "interestIncome": "None", "netInterestIncome": "None", "extraordinaryItems": "0", "nonRecurring": "0", "otherItems": "0", "incomeTaxExpense": "240000000", "totalOtherIncomeExpense": "-218200000", "discontinuedOperations": "0", "netIncomeFromContinuingOperations": "587900000", "netIncomeApplicableToCommonShares": "587900000", "preferredStockAndOtherAdjustments": "None"}, {"fiscalDateEnding": "2016-12-31", "reportedCurrency": "USD", "totalRevenue": "2987300000", "totalOperatingExpense": "640800000", "costOfRevenue": "1767800000", "grossProfit": "1219500000", "ebit": "806700000", "netIncome": "510900000", "researchAndDevelopment": "152500000", "effectOfAccountingCharges": "0", "incomeBeforeTax": "786200000", "minorityInterest": "0", "sellingGeneralAdministrative": "640800000", "otherNonOperatingIncome": "228000000", "operatingIncome": "578700000", "otherOperatingExpense": "0", "interestExpense": "20500000", "taxProvision": "None", "interestIncome": "None", "netInterestIncome": "None", "extraordinaryItems": "0", "nonRecurring": "0", "otherItems": "0", "incomeTaxExpense": "275300000", "totalOtherIncomeExpense": "205100000", "discontinuedOperations": "0", "netIncomeFromContinuingOperations": "510900000", "netIncomeApplicableToCommonShares": "510900000", "preferredStockAndOtherAdjustments": "None"}, {"fiscalDateEnding": "2016-09-30", "reportedCurrency": "USD", "totalRevenue": "2916900000", "totalOperatingExpense": "647700000", "costOfRevenue": "1743600000", "grossProfit": "1173300000", "ebit": "548600000", "netIncome": "368700000", "researchAndDevelopment": "154900000", "effectOfAccountingCharges": "0", "incomeBeforeTax": "528700000", "minorityInterest": "0", "sellingGeneralAdministrative": "647700000", "otherNonOperatingIncome": "23000000", "operatingIncome": "525600000", "otherOperatingExpense": "0", "interestExpense": "19900000", "taxProvision": "None", "interestIncome": "None", "netInterestIncome": "None", "extraordinaryItems": "0", "nonRecurring": "0", "otherItems": "0", "incomeTaxExpense": "160000000", "totalOtherIncomeExpense": "23000000", "discontinuedOperations": "0", "netIncomeFromContinuingOperations": "368700000", "netIncomeApplicableToCommonShares": "368700000", "preferredStockAndOtherAdjustments": "None"}, {"fiscalDateEnding": "2016-06-30", "reportedCurrency": "USD", "totalRevenue": "2898200000", "totalOperatingExpense": "770100000", "costOfRevenue": "1698600000", "grossProfit": "1199600000", "ebit": "445200000", "netIncome": "282000000", "researchAndDevelopment": "150700000", "effectOfAccountingCharges": "0", "incomeBeforeTax": "427000000", "minorityInterest": "0", "sellingGeneralAdministrative": "770100000", "otherNonOperatingIncome": "15700000", "operatingIncome": "429500000", "otherOperatingExpense": "0", "interestExpense": "18200000", "taxProvision": "None", "interestIncome": "None", "netInterestIncome": "None", "extraordinaryItems": "0", "nonRecurring": "0", "otherItems": "0", "incomeTaxExpense": "145000000", "totalOtherIncomeExpense": "-4000000", "discontinuedOperations": "-900000", "netIncomeFromContinuingOperations": "282000000", "netIncomeApplicableToCommonShares": "282000000", "preferredStockAndOtherAdjustments": "None"}, {"fiscalDateEnding": "2016-03-31", "reportedCurrency": "USD", "totalRevenue": "3248600000", "totalOperatingExpense": "634400000", "costOfRevenue": "1812700000", "grossProfit": "1435900000", "ebit": "811100000", "netIncome": "532500000", "researchAndDevelopment": "147300000", "effectOfAccountingCharges": "0", "incomeBeforeTax": "794800000", "minorityInterest": "0", "sellingGeneralAdministrative": "634400000", "otherNonOperatingIncome": "9600000", "operatingIncome": "801500000", "otherOperatingExpense": "0", "interestExpense": "16300000", "taxProvision": "None", "interestIncome": "None", "netInterestIncome": "None", "extraordinaryItems": "0", "nonRecurring": "0", "otherItems": "0", "incomeTaxExpense": "262300000", "totalOtherIncomeExpense": "0", "discontinuedOperations": "0", "netIncomeFromContinuingOperations": "532500000", "netIncomeApplicableToCommonShares": "532500000", "preferredStockAndOtherAdjustments": "None"}, {"fiscalDateEnding": "2015-12-31", "reportedCurrency": "USD", "totalRevenue": "2807000000", "totalOperatingExpense": "627200000", "costOfRevenue": "1682500000", "grossProfit": "1124500000", "ebit": "524700000", "netIncome": "341400000", "researchAndDevelopment": "149600000", "effectOfAccountingCharges": "0", "incomeBeforeTax": "507900000", "minorityInterest": "0", "sellingGeneralAdministrative": "627200000", "otherNonOperatingIncome": "27400000", "operatingIncome": "497300000", "otherOperatingExpense": "0", "interestExpense": "16800000", "taxProvision": "None", "interestIncome": "None", "netInterestIncome": "None", "extraordinaryItems": "0", "nonRecurring": "0", "otherItems": "0", "incomeTaxExpense": "166500000", "totalOtherIncomeExpense": "0", "discontinuedOperations": "0", "netIncomeFromContinuingOperations": "341400000", "netIncomeApplicableToCommonShares": "341400000", "preferredStockAndOtherAdjustments": "None"}, {"fiscalDateEnding": "2015-09-30", "reportedCurrency": "USD", "totalRevenue": "2714000000", "totalOperatingExpense": "605300000", "costOfRevenue": "1577700000", "grossProfit": "1067500000", "ebit": "509900000", "netIncome": "336600000", "researchAndDevelopment": "156100000", "effectOfAccountingCharges": "0", "incomeBeforeTax": "505000000", "minorityInterest": "0", "sellingGeneralAdministrative": "605300000", "otherNonOperatingIncome": "47700000", "operatingIncome": "462200000", "otherOperatingExpense": "0", "interestExpense": "4900000", "taxProvision": "None", "interestIncome": "None", "netInterestIncome": "None", "extraordinaryItems": "0", "nonRecurring": "0", "otherItems": "0", "incomeTaxExpense": "167500000", "totalOtherIncomeExpense": "0", "discontinuedOperations": "-900000", "netIncomeFromContinuingOperations": "337500000", "netIncomeApplicableToCommonShares": "337500000", "preferredStockAndOtherAdjustments": "None"}, {"fiscalDateEnding": "2015-06-30", "reportedCurrency": "USD", "totalRevenue": "2694500000", "totalOperatingExpense": "-843300000", "costOfRevenue": "3152600000", "grossProfit": "-480900000", "ebit": "378000000", "netIncome": "336200000", "researchAndDevelopment": "149100000", "effectOfAccountingCharges": "0", "incomeBeforeTax": "381600000", "minorityInterest": "0", "sellingGeneralAdministrative": "-841400000", "otherNonOperatingIncome": "15600000", "operatingIncome": "367600000", "otherOperatingExpense": "0", "interestExpense": "3500000", "taxProvision": "None", "interestIncome": "None", "netInterestIncome": "None", "extraordinaryItems": "0", "nonRecurring": "0", "otherItems": "0", "incomeTaxExpense": "124600000", "totalOtherIncomeExpense": "67400000", "discontinuedOperations": "83700000", "netIncomeFromContinuingOperations": "252500000", "netIncomeApplicableToCommonShares": "336200000", "preferredStockAndOtherAdjustments": "None"}]}