{"symbol": "ADS", "annualReports": [{"fiscalDateEnding": "2019-12-31", "reportedCurrency": "USD", "totalRevenue": "5581300000", "totalOperatingExpense": "1586100000", "costOfRevenue": "2687800000", "grossProfit": "2893500000", "ebit": "1307400000", "netIncome": "278000000", "researchAndDevelopment": "None", "effectOfAccountingCharges": "None", "incomeBeforeTax": "738400000", "minorityInterest": "None", "sellingGeneralAdministrative": "222500000", "otherNonOperatingIncome": "None", "operatingIncome": "1307400000", "otherOperatingExpense": "1363600000", "interestExpense": "569000000", "taxProvision": "165800000", "interestIncome": "-569000000", "netInterestIncome": "-569000000", "extraordinaryItems": "-264400000", "nonRecurring": "None", "otherItems": "None", "incomeTaxExpense": "165800000", "totalOtherIncomeExpense": "-71900000", "discontinuedOperations": "-294600000", "netIncomeFromContinuingOperations": "572600000", "netIncomeApplicableToCommonShares": "278000000", "preferredStockAndOtherAdjustments": "None"}, {"fiscalDateEnding": "2018-12-31", "reportedCurrency": "USD", "totalRevenue": "7791200000", "totalOperatingExpense": "1676000000", "costOfRevenue": "4220900000", "grossProfit": "3570300000", "ebit": "1894300000", "netIncome": "963100000", "researchAndDevelopment": "0", "effectOfAccountingCharges": "None", "incomeBeforeTax": "1223700000", "minorityInterest": "None", "sellingGeneralAdministrative": "172700000", "otherNonOperatingIncome": "None", "operatingIncome": "1894300000", "otherOperatingExpense": "1503300000", "interestExpense": "670600000", "taxProvision": "260600000", "interestIncome": "-542300000", "netInterestIncome": "-670600000", "extraordinaryItems": "47300000", "nonRecurring": "None", "otherItems": "None", "incomeTaxExpense": "260600000", "totalOtherIncomeExpense": "-156400000", "discontinuedOperations": "17600000", "netIncomeFromContinuingOperations": "963100000", "netIncomeApplicableToCommonShares": "963100000", "preferredStockAndOtherAdjustments": "None"}, {"fiscalDateEnding": "2017-12-31", "reportedCurrency": "USD", "totalRevenue": "7719400000", "totalOperatingExpense": "1804000000", "costOfRevenue": "4269900000", "grossProfit": "3449500000", "ebit": "1645500000", "netIncome": "788700000", "researchAndDevelopment": "0", "effectOfAccountingCharges": "None", "incomeBeforeTax": "1081100000", "minorityInterest": "None", "sellingGeneralAdministrative": "166300000", "otherNonOperatingIncome": "None", "operatingIncome": "1645500000", "otherOperatingExpense": "1637700000", "interestExpense": "564400000", "taxProvision": "292400000", "interestIncome": "-455400000", "netInterestIncome": "-564400000", "extraordinaryItems": "19500000", "nonRecurring": "None", "otherItems": "None", "incomeTaxExpense": "292400000", "totalOtherIncomeExpense": "-165800000", "discontinuedOperations": "19500000", "netIncomeFromContinuingOperations": "788700000", "netIncomeApplicableToCommonShares": "788700000", "preferredStockAndOtherAdjustments": "None"}, {"fiscalDateEnding": "2016-12-31", "reportedCurrency": "USD", "totalRevenue": "7138100000", "totalOperatingExpense": "1595800000", "costOfRevenue": "4276800000", "grossProfit": "2861300000", "ebit": "1265500000", "netIncome": "515800000", "researchAndDevelopment": "0", "effectOfAccountingCharges": "None", "incomeBeforeTax": "837000000", "minorityInterest": "1800000", "sellingGeneralAdministrative": "143200000", "otherNonOperatingIncome": "None", "operatingIncome": "1265500000", "otherOperatingExpense": "1452600000", "interestExpense": "428500000", "taxProvision": "319400000", "interestIncome": "-428500000", "netInterestIncome": "-428500000", "extraordinaryItems": "None", "nonRecurring": "None", "otherItems": "None", "incomeTaxExpense": "319400000", "totalOtherIncomeExpense": "-218200000", "discontinuedOperations": "19500000", "netIncomeFromContinuingOperations": "517600000", "netIncomeApplicableToCommonShares": "515800000", "preferredStockAndOtherAdjustments": "None"}, {"fiscalDateEnding": "2015-12-31", "reportedCurrency": "USD", "totalRevenue": "6439746000", "totalOperatingExpense": "1363386000", "costOfRevenue": "3814500000", "grossProfit": "2625246000", "ebit": "1261860000", "netIncome": "596541000", "researchAndDevelopment": "0", "effectOfAccountingCharges": "None", "incomeBeforeTax": "931676000", "minorityInterest": "8887000", "sellingGeneralAdministrative": "138483000", "otherNonOperatingIncome": "None", "operatingIncome": "1261860000", "otherOperatingExpense": "1224903000", "interestExpense": "330184000", "taxProvision": "326248000", "interestIncome": "-330184000", "netInterestIncome": "None", "extraordinaryItems": "None", "nonRecurring": "None", "otherItems": "None", "incomeTaxExpense": "326248000", "totalOtherIncomeExpense": "-179500000", "discontinuedOperations": "None", "netIncomeFromContinuingOperations": "605428000", "netIncomeApplicableToCommonShares": "596541000", "preferredStockAndOtherAdjustments": "None"}], "quarterlyReports": [{"fiscalDateEnding": "2020-06-30", "reportedCurrency": "USD", "totalRevenue": "979300000", "totalOperatingExpense": "311800000", "costOfRevenue": "492800000", "grossProfit": "486500000", "ebit": "174700000", "netIncome": "38400000", "researchAndDevelopment": "None", "effectOfAccountingCharges": "None", "incomeBeforeTax": "47000000", "minorityInterest": "None", "sellingGeneralAdministrative": "20400000", "otherNonOperatingIncome": "None", "operatingIncome": "174700000", "otherOperatingExpense": "291400000", "interestExpense": "127700000", "taxProvision": "8600000", "interestIncome": "-127700000", "netInterestIncome": "-127700000", "extraordinaryItems": "None", "nonRecurring": "None", "otherItems": "None", "incomeTaxExpense": "8600000", "totalOtherIncomeExpense": "-34200000", "discontinuedOperations": "None", "netIncomeFromContinuingOperations": "38400000", "netIncomeApplicableToCommonShares": "38400000", "preferredStockAndOtherAdjustments": "None"}, {"fiscalDateEnding": "2020-03-31", "reportedCurrency": "USD", "totalRevenue": "1381800000", "totalOperatingExpense": "718600000", "costOfRevenue": "499200000", "grossProfit": "882600000", "ebit": "164000000", "netIncome": "30000000", "researchAndDevelopment": "None", "effectOfAccountingCharges": "None", "incomeBeforeTax": "25400000", "minorityInterest": "None", "sellingGeneralAdministrative": "23900000", "otherNonOperatingIncome": "None", "operatingIncome": "164000000", "otherOperatingExpense": "694700000", "interestExpense": "138600000", "taxProvision": "-4600000", "interestIncome": "-138600000", "netInterestIncome": "-138600000", "extraordinaryItems": "None", "nonRecurring": "None", "otherItems": "None", "incomeTaxExpense": "-4600000", "totalOtherIncomeExpense": "None", "discontinuedOperations": "None", "netIncomeFromContinuingOperations": "30000000", "netIncomeApplicableToCommonShares": "30000000", "preferredStockAndOtherAdjustments": "None"}, {"fiscalDateEnding": "2019-12-31", "reportedCurrency": "USD", "totalRevenue": "1461000000", "totalOperatingExpense": "447000000", "costOfRevenue": "705000000", "grossProfit": "756000000", "ebit": "309000000", "netIncome": "72300000", "researchAndDevelopment": "None", "effectOfAccountingCharges": "None", "incomeBeforeTax": "173000000", "minorityInterest": "None", "sellingGeneralAdministrative": "23200000", "otherNonOperatingIncome": "None", "operatingIncome": "309000000", "otherOperatingExpense": "423800000", "interestExpense": "136000000", "taxProvision": "37000000", "interestIncome": "-141600000", "netInterestIncome": "-141600000", "extraordinaryItems": "-2700000", "nonRecurring": "None", "otherItems": "None", "incomeTaxExpense": "38700000", "totalOtherIncomeExpense": "0", "discontinuedOperations": "-32900000", "netIncomeFromContinuingOperations": "134300000", "netIncomeApplicableToCommonShares": "97500000", "preferredStockAndOtherAdjustments": "None"}, {"fiscalDateEnding": "2019-09-30", "reportedCurrency": "USD", "totalRevenue": "1437600000", "totalOperatingExpense": "445900000", "costOfRevenue": "687500000", "grossProfit": "750100000", "ebit": "304200000", "netIncome": "-107600000", "researchAndDevelopment": "None", "effectOfAccountingCharges": "None", "incomeBeforeTax": "164200000", "minorityInterest": "None", "sellingGeneralAdministrative": "103700000", "otherNonOperatingIncome": "None", "operatingIncome": "304200000", "otherOperatingExpense": "342200000", "interestExpense": "140000000", "taxProvision": "42600000", "interestIncome": "-140000000", "netInterestIncome": "-140000000", "extraordinaryItems": "-229200000", "nonRecurring": "None", "otherItems": "None", "incomeTaxExpense": "42600000", "totalOtherIncomeExpense": "-71900000", "discontinuedOperations": "-229200000", "netIncomeFromContinuingOperations": "121600000", "netIncomeApplicableToCommonShares": "-107600000", "preferredStockAndOtherAdjustments": "None"}, {"fiscalDateEnding": "2019-06-30", "reportedCurrency": "USD", "totalRevenue": "1348500000", "totalOperatingExpense": "356400000", "costOfRevenue": "654800000", "grossProfit": "693700000", "ebit": "337300000", "netIncome": "139000000", "researchAndDevelopment": "None", "effectOfAccountingCharges": "None", "incomeBeforeTax": "193800000", "minorityInterest": "None", "sellingGeneralAdministrative": "57300000", "otherNonOperatingIncome": "None", "operatingIncome": "337300000", "otherOperatingExpense": "299100000", "interestExpense": "143500000", "taxProvision": "51400000", "interestIncome": "-287400000", "netInterestIncome": "-143500000", "extraordinaryItems": "-32500000", "nonRecurring": "None", "otherItems": "None", "incomeTaxExpense": "51400000", "totalOtherIncomeExpense": "-55400000", "discontinuedOperations": "-7300000", "netIncomeFromContinuingOperations": "142400000", "netIncomeApplicableToCommonShares": "139000000", "preferredStockAndOtherAdjustments": "None"}, {"fiscalDateEnding": "2019-03-31", "reportedCurrency": "USD", "totalRevenue": "1334200000", "totalOperatingExpense": "336800000", "costOfRevenue": "640500000", "grossProfit": "693700000", "ebit": "356900000", "netIncome": "174300000", "researchAndDevelopment": "None", "effectOfAccountingCharges": "None", "incomeBeforeTax": "207400000", "minorityInterest": "None", "sellingGeneralAdministrative": "38300000", "otherNonOperatingIncome": "None", "operatingIncome": "356900000", "otherOperatingExpense": "298500000", "interestExpense": "149500000", "taxProvision": "33100000", "interestIncome": "None", "netInterestIncome": "-149500000", "extraordinaryItems": "-29200000", "nonRecurring": "None", "otherItems": "None", "incomeTaxExpense": "33100000", "totalOtherIncomeExpense": "-51400000", "discontinuedOperations": "-25200000", "netIncomeFromContinuingOperations": "174300000", "netIncomeApplicableToCommonShares": "149100000", "preferredStockAndOtherAdjustments": "None"}, {"fiscalDateEnding": "2018-12-31", "reportedCurrency": "USD", "totalRevenue": "2055900000", "totalOperatingExpense": "336900000", "costOfRevenue": "1144800000", "grossProfit": "911100000", "ebit": "574200000", "netIncome": "284900000", "researchAndDevelopment": "0", "effectOfAccountingCharges": "0", "incomeBeforeTax": "397400000", "minorityInterest": "0", "sellingGeneralAdministrative": "46200000", "otherNonOperatingIncome": "None", "operatingIncome": "574200000", "otherOperatingExpense": "290700000", "interestExpense": "176800000", "taxProvision": "None", "interestIncome": "None", "netInterestIncome": "None", "extraordinaryItems": "61500000", "nonRecurring": "0", "otherItems": "0", "incomeTaxExpense": "112500000", "totalOtherIncomeExpense": "-69900000", "discontinuedOperations": "-25200000", "netIncomeFromContinuingOperations": "284900000", "netIncomeApplicableToCommonShares": "284900000", "preferredStockAndOtherAdjustments": "None"}, {"fiscalDateEnding": "2018-09-30", "reportedCurrency": "USD", "totalRevenue": "1947200000", "totalOperatingExpense": "364600000", "costOfRevenue": "1060600000", "grossProfit": "886600000", "ebit": "522000000", "netIncome": "296500000", "researchAndDevelopment": "0", "effectOfAccountingCharges": "0", "incomeBeforeTax": "353100000", "minorityInterest": "0", "sellingGeneralAdministrative": "45300000", "otherNonOperatingIncome": "None", "operatingIncome": "522000000", "otherOperatingExpense": "319300000", "interestExpense": "168900000", "taxProvision": "None", "interestIncome": "None", "netInterestIncome": "None", "extraordinaryItems": "0", "nonRecurring": "0", "otherItems": "0", "incomeTaxExpense": "56600000", "totalOtherIncomeExpense": "-69400000", "discontinuedOperations": "-25200000", "netIncomeFromContinuingOperations": "296500000", "netIncomeApplicableToCommonShares": "296500000", "preferredStockAndOtherAdjustments": "None"}, {"fiscalDateEnding": "2018-06-30", "reportedCurrency": "USD", "totalRevenue": "1903900000", "totalOperatingExpense": "482000000", "costOfRevenue": "1001600000", "grossProfit": "902300000", "ebit": "420300000", "netIncome": "217800000", "researchAndDevelopment": "0", "effectOfAccountingCharges": "0", "incomeBeforeTax": "254600000", "minorityInterest": "0", "sellingGeneralAdministrative": "48100000", "otherNonOperatingIncome": "None", "operatingIncome": "420300000", "otherOperatingExpense": "433900000", "interestExpense": "165700000", "taxProvision": "None", "interestIncome": "None", "netInterestIncome": "None", "extraordinaryItems": "0", "nonRecurring": "0", "otherItems": "0", "incomeTaxExpense": "36800000", "totalOtherIncomeExpense": "-73700000", "discontinuedOperations": "-25200000", "netIncomeFromContinuingOperations": "217800000", "netIncomeApplicableToCommonShares": "217800000", "preferredStockAndOtherAdjustments": "None"}, {"fiscalDateEnding": "2018-03-31", "reportedCurrency": "USD", "totalRevenue": "1884200000", "totalOperatingExpense": "492500000", "costOfRevenue": "1013900000", "grossProfit": "870300000", "ebit": "377800000", "netIncome": "163900000", "researchAndDevelopment": "0", "effectOfAccountingCharges": "0", "incomeBeforeTax": "218600000", "minorityInterest": "0", "sellingGeneralAdministrative": "33100000", "otherNonOperatingIncome": "None", "operatingIncome": "377800000", "otherOperatingExpense": "459400000", "interestExpense": "159200000", "taxProvision": "None", "interestIncome": "None", "netInterestIncome": "None", "extraordinaryItems": "0", "nonRecurring": "0", "otherItems": "0", "incomeTaxExpense": "54700000", "totalOtherIncomeExpense": "-71600000", "discontinuedOperations": "0", "netIncomeFromContinuingOperations": "163900000", "netIncomeApplicableToCommonShares": "163900000", "preferredStockAndOtherAdjustments": "None"}, {"fiscalDateEnding": "2017-12-31", "reportedCurrency": "USD", "totalRevenue": "2106200000", "totalOperatingExpense": "496500000", "costOfRevenue": "1146900000", "grossProfit": "959300000", "ebit": "462800000", "netIncome": "271400000", "researchAndDevelopment": "0", "effectOfAccountingCharges": "0", "incomeBeforeTax": "306400000", "minorityInterest": "0", "sellingGeneralAdministrative": "41300000", "otherNonOperatingIncome": "None", "operatingIncome": "462800000", "otherOperatingExpense": "455200000", "interestExpense": "156400000", "taxProvision": "None", "interestIncome": "None", "netInterestIncome": "None", "extraordinaryItems": "0", "nonRecurring": "0", "otherItems": "0", "incomeTaxExpense": "35000000", "totalOtherIncomeExpense": "-274800000", "discontinuedOperations": "0", "netIncomeFromContinuingOperations": "271400000", "netIncomeApplicableToCommonShares": "271400000", "preferredStockAndOtherAdjustments": "None"}, {"fiscalDateEnding": "2017-09-30", "reportedCurrency": "USD", "totalRevenue": "1912400000", "totalOperatingExpense": "367000000", "costOfRevenue": "1066500000", "grossProfit": "845900000", "ebit": "478900000", "netIncome": "233200000", "researchAndDevelopment": "0", "effectOfAccountingCharges": "0", "incomeBeforeTax": "333600000", "minorityInterest": "0", "sellingGeneralAdministrative": "38000000", "otherNonOperatingIncome": "None", "operatingIncome": "478900000", "otherOperatingExpense": "329000000", "interestExpense": "145300000", "taxProvision": "None", "interestIncome": "None", "netInterestIncome": "None", "extraordinaryItems": "0", "nonRecurring": "0", "otherItems": "0", "incomeTaxExpense": "100400000", "totalOtherIncomeExpense": "0", "discontinuedOperations": "0", "netIncomeFromContinuingOperations": "233200000", "netIncomeApplicableToCommonShares": "233200000", "preferredStockAndOtherAdjustments": "None"}, {"fiscalDateEnding": "2017-06-30", "reportedCurrency": "USD", "totalRevenue": "1821800000", "totalOperatingExpense": "456000000", "costOfRevenue": "1014400000", "grossProfit": "807400000", "ebit": "351400000", "netIncome": "137700000", "researchAndDevelopment": "0", "effectOfAccountingCharges": "0", "incomeBeforeTax": "213900000", "minorityInterest": "0", "sellingGeneralAdministrative": "42400000", "otherNonOperatingIncome": "None", "operatingIncome": "351400000", "otherOperatingExpense": "413600000", "interestExpense": "137500000", "taxProvision": "None", "interestIncome": "None", "netInterestIncome": "None", "extraordinaryItems": "0", "nonRecurring": "0", "otherItems": "0", "incomeTaxExpense": "76200000", "totalOtherIncomeExpense": "0", "discontinuedOperations": "0", "netIncomeFromContinuingOperations": "137700000", "netIncomeApplicableToCommonShares": "137700000", "preferredStockAndOtherAdjustments": "None"}, {"fiscalDateEnding": "2017-03-31", "reportedCurrency": "USD", "totalRevenue": "1879000000", "totalOperatingExpense": "484500000", "costOfRevenue": "1042100000", "grossProfit": "836900000", "ebit": "352400000", "netIncome": "146400000", "researchAndDevelopment": "0", "effectOfAccountingCharges": "0", "incomeBeforeTax": "227200000", "minorityInterest": "0", "sellingGeneralAdministrative": "44600000", "otherNonOperatingIncome": "None", "operatingIncome": "352400000", "otherOperatingExpense": "439900000", "interestExpense": "125200000", "taxProvision": "None", "interestIncome": "None", "netInterestIncome": "None", "extraordinaryItems": "0", "nonRecurring": "0", "otherItems": "0", "incomeTaxExpense": "80800000", "totalOtherIncomeExpense": "0", "discontinuedOperations": "0", "netIncomeFromContinuingOperations": "146400000", "netIncomeApplicableToCommonShares": "146400000", "preferredStockAndOtherAdjustments": "None"}, {"fiscalDateEnding": "2016-12-31", "reportedCurrency": "USD", "totalRevenue": "1827600000", "totalOperatingExpense": "448600000", "costOfRevenue": "1199400000", "grossProfit": "628200000", "ebit": "179600000", "netIncome": "10500000", "researchAndDevelopment": "0", "effectOfAccountingCharges": "0", "incomeBeforeTax": "61900000", "minorityInterest": "85300000", "sellingGeneralAdministrative": "31700000", "otherNonOperatingIncome": "None", "operatingIncome": "179600000", "otherOperatingExpense": "416900000", "interestExpense": "117700000", "taxProvision": "None", "interestIncome": "None", "netInterestIncome": "None", "extraordinaryItems": "0", "nonRecurring": "0", "otherItems": "0", "incomeTaxExpense": "51400000", "totalOtherIncomeExpense": "-218200000", "discontinuedOperations": "0", "netIncomeFromContinuingOperations": "10500000", "netIncomeApplicableToCommonShares": "10500000", "preferredStockAndOtherAdjustments": "None"}, {"fiscalDateEnding": "2016-09-30", "reportedCurrency": "USD", "totalRevenue": "1885500000", "totalOperatingExpense": "419000000", "costOfRevenue": "1045700000", "grossProfit": "840000000", "ebit": "421000000", "netIncome": "207400000", "researchAndDevelopment": "0", "effectOfAccountingCharges": "0", "incomeBeforeTax": "312600000", "minorityInterest": "-67600000", "sellingGeneralAdministrative": "41000000", "otherNonOperatingIncome": "None", "operatingIncome": "420900000", "otherOperatingExpense": "378000000", "interestExpense": "108300000", "taxProvision": "None", "interestIncome": "None", "netInterestIncome": "None", "extraordinaryItems": "0", "nonRecurring": "0", "otherItems": "0", "incomeTaxExpense": "105200000", "totalOtherIncomeExpense": "0", "discontinuedOperations": "0", "netIncomeFromContinuingOperations": "207500000", "netIncomeApplicableToCommonShares": "207400000", "preferredStockAndOtherAdjustments": "None"}, {"fiscalDateEnding": "2016-06-30", "reportedCurrency": "USD", "totalRevenue": "1748800000", "totalOperatingExpense": "400300000", "costOfRevenue": "1027900000", "grossProfit": "720900000", "ebit": "320600000", "netIncome": "140700000", "researchAndDevelopment": "0", "effectOfAccountingCharges": "0", "incomeBeforeTax": "216900000", "minorityInterest": "67600000", "sellingGeneralAdministrative": "42900000", "otherNonOperatingIncome": "None", "operatingIncome": "320600000", "otherOperatingExpense": "357400000", "interestExpense": "103700000", "taxProvision": "None", "interestIncome": "None", "netInterestIncome": "None", "extraordinaryItems": "0", "nonRecurring": "0", "otherItems": "0", "incomeTaxExpense": "76200000", "totalOtherIncomeExpense": "0", "discontinuedOperations": "0", "netIncomeFromContinuingOperations": "140700000", "netIncomeApplicableToCommonShares": "140700000", "preferredStockAndOtherAdjustments": "None"}, {"fiscalDateEnding": "2016-03-31", "reportedCurrency": "USD", "totalRevenue": "1676100000", "totalOperatingExpense": "327900000", "costOfRevenue": "1003900000", "grossProfit": "672200000", "ebit": "344300000", "netIncome": "157100000", "researchAndDevelopment": "0", "effectOfAccountingCharges": "0", "incomeBeforeTax": "245500000", "minorityInterest": "1800000", "sellingGeneralAdministrative": "27600000", "otherNonOperatingIncome": "None", "operatingIncome": "344300000", "otherOperatingExpense": "300300000", "interestExpense": "98800000", "taxProvision": "None", "interestIncome": "None", "netInterestIncome": "None", "extraordinaryItems": "0", "nonRecurring": "0", "otherItems": "0", "incomeTaxExpense": "86600000", "totalOtherIncomeExpense": "0", "discontinuedOperations": "0", "netIncomeFromContinuingOperations": "158900000", "netIncomeApplicableToCommonShares": "157100000", "preferredStockAndOtherAdjustments": "None"}, {"fiscalDateEnding": "2015-12-31", "reportedCurrency": "USD", "totalRevenue": "1748854000", "totalOperatingExpense": "357773000", "costOfRevenue": "1026999000", "grossProfit": "721855000", "ebit": "364082000", "netIncome": "174215000", "researchAndDevelopment": "0", "effectOfAccountingCharges": "0", "incomeBeforeTax": "274718000", "minorityInterest": "5960000", "sellingGeneralAdministrative": "26491000", "otherNonOperatingIncome": "None", "operatingIncome": "364082000", "otherOperatingExpense": "331282000", "interestExpense": "89364000", "taxProvision": "None", "interestIncome": "None", "netInterestIncome": "None", "extraordinaryItems": "0", "nonRecurring": "0", "otherItems": "0", "incomeTaxExpense": "94543000", "totalOtherIncomeExpense": "-179500000", "discontinuedOperations": "0", "netIncomeFromContinuingOperations": "180175000", "netIncomeApplicableToCommonShares": "174215000", "preferredStockAndOtherAdjustments": "None"}, {"fiscalDateEnding": "2015-09-30", "reportedCurrency": "USD", "totalRevenue": "1589117000", "totalOperatingExpense": "400511000", "costOfRevenue": "901095000", "grossProfit": "688022000", "ebit": "287511000", "netIncome": "128430000", "researchAndDevelopment": "0", "effectOfAccountingCharges": "0", "incomeBeforeTax": "205413000", "minorityInterest": "1952000", "sellingGeneralAdministrative": "40890000", "otherNonOperatingIncome": "None", "operatingIncome": "287511000", "otherOperatingExpense": "359621000", "interestExpense": "82098000", "taxProvision": "None", "interestIncome": "None", "netInterestIncome": "None", "extraordinaryItems": "0", "nonRecurring": "0", "otherItems": "0", "incomeTaxExpense": "75031000", "totalOtherIncomeExpense": "0", "discontinuedOperations": "0", "netIncomeFromContinuingOperations": "130382000", "netIncomeApplicableToCommonShares": "128430000", "preferredStockAndOtherAdjustments": "None"}, {"fiscalDateEnding": "2015-06-30", "reportedCurrency": "USD", "totalRevenue": "1500618000", "totalOperatingExpense": "318352000", "costOfRevenue": "896543000", "grossProfit": "604075000", "ebit": "285723000", "netIncome": "131337000", "researchAndDevelopment": "0", "effectOfAccountingCharges": "0", "incomeBeforeTax": "205008000", "minorityInterest": "-1298000", "sellingGeneralAdministrative": "40909000", "otherNonOperatingIncome": "None", "operatingIncome": "285723000", "otherOperatingExpense": "277443000", "interestExpense": "80715000", "taxProvision": "None", "interestIncome": "None", "netInterestIncome": "None", "extraordinaryItems": "0", "nonRecurring": "0", "otherItems": "0", "incomeTaxExpense": "74969000", "totalOtherIncomeExpense": "0", "discontinuedOperations": "0", "netIncomeFromContinuingOperations": "130039000", "netIncomeApplicableToCommonShares": "131337000", "preferredStockAndOtherAdjustments": "None"}]}