{"symbol": "ADSK", "annualReports": [{"fiscalDateEnding": "2020-01-31", "reportedCurrency": "USD", "totalRevenue": "3274300000", "totalOperatingExpense": "2606400000", "costOfRevenue": "324900000", "grossProfit": "2949400000", "ebit": "343000000", "netIncome": "214500000", "researchAndDevelopment": "851100000", "effectOfAccountingCharges": "None", "incomeBeforeTax": "294800000", "minorityInterest": "None", "sellingGeneralAdministrative": "1715900000", "otherNonOperatingIncome": "None", "operatingIncome": "343000000", "otherOperatingExpense": "39400000", "interestExpense": "48200000", "taxProvision": "80300000", "interestIncome": "-53400000", "netInterestIncome": "-54000000", "extraordinaryItems": "-9600000", "nonRecurring": "None", "otherItems": "None", "incomeTaxExpense": "80300000", "totalOtherIncomeExpense": "5300000", "discontinuedOperations": "None", "netIncomeFromContinuingOperations": "214500000", "netIncomeApplicableToCommonShares": "214500000", "preferredStockAndOtherAdjustments": "None"}, {"fiscalDateEnding": "2019-01-31", "reportedCurrency": "USD", "totalRevenue": "2569800000", "totalOperatingExpense": "2552900000", "costOfRevenue": "285900000", "grossProfit": "2283900000", "ebit": "104600000", "netIncome": "-80800000", "researchAndDevelopment": "725000000", "effectOfAccountingCharges": "None", "incomeBeforeTax": "-42700000", "minorityInterest": "None", "sellingGeneralAdministrative": "1524000000", "otherNonOperatingIncome": "None", "operatingIncome": "16900000", "otherOperatingExpense": "59900000", "interestExpense": "52100000", "taxProvision": "38100000", "interestIncome": "-34500000", "netInterestIncome": "-52100000", "extraordinaryItems": "16000000", "nonRecurring": "None", "otherItems": "None", "incomeTaxExpense": "38100000", "totalOtherIncomeExpense": "-7500000", "discontinuedOperations": "None", "netIncomeFromContinuingOperations": "-80800000", "netIncomeApplicableToCommonShares": "-80800000", "preferredStockAndOtherAdjustments": "None"}, {"fiscalDateEnding": "2018-01-31", "reportedCurrency": "USD", "totalRevenue": "2056600000", "totalOperatingExpense": "2471600000", "costOfRevenue": "303400000", "grossProfit": "1753200000", "ebit": "-414400000", "netIncome": "-566900000", "researchAndDevelopment": "755500000", "effectOfAccountingCharges": "None", "incomeBeforeTax": "-557300000", "minorityInterest": "None", "sellingGeneralAdministrative": "1392500000", "otherNonOperatingIncome": "None", "operatingIncome": "-415000000", "otherOperatingExpense": "114300000", "interestExpense": "34500000", "taxProvision": "9600000", "interestIncome": "-54200000", "netInterestIncome": "-34500000", "extraordinaryItems": "-408400000", "nonRecurring": "94100000", "otherItems": "None", "incomeTaxExpense": "9600000", "totalOtherIncomeExpense": "-107800000", "discontinuedOperations": "None", "netIncomeFromContinuingOperations": "-566900000", "netIncomeApplicableToCommonShares": "-566900000", "preferredStockAndOtherAdjustments": "None"}, {"fiscalDateEnding": "2017-01-31", "reportedCurrency": "USD", "totalRevenue": "2031000000", "totalOperatingExpense": "2450100000", "costOfRevenue": "341900000", "grossProfit": "1689100000", "ebit": "-354900000", "netIncome": "-582100000", "researchAndDevelopment": "766100000", "effectOfAccountingCharges": "None", "incomeBeforeTax": "-523800000", "minorityInterest": "None", "sellingGeneralAdministrative": "1310300000", "otherNonOperatingIncome": "None", "operatingIncome": "-419100000", "otherOperatingExpense": "112300000", "interestExpense": "29700000", "taxProvision": "58300000", "interestIncome": "-32700000", "netInterestIncome": "-29700000", "extraordinaryItems": "None", "nonRecurring": "80500000", "otherItems": "None", "incomeTaxExpense": "58300000", "totalOtherIncomeExpense": "-75000000", "discontinuedOperations": "None", "netIncomeFromContinuingOperations": "-582100000", "netIncomeApplicableToCommonShares": "-582100000", "preferredStockAndOtherAdjustments": "None"}, {"fiscalDateEnding": "2016-01-31", "reportedCurrency": "USD", "totalRevenue": "2504100000", "totalOperatingExpense": "2132100000", "costOfRevenue": "370700000", "grossProfit": "2133400000", "ebit": "1300000", "netIncome": "-330500000", "researchAndDevelopment": "790000000", "effectOfAccountingCharges": "None", "incomeBeforeTax": "-20300000", "minorityInterest": "None", "sellingGeneralAdministrative": "1308900000", "otherNonOperatingIncome": "None", "operatingIncome": "1300000", "otherOperatingExpense": "33200000", "interestExpense": "21600000", "taxProvision": "310200000", "interestIncome": "-30100000", "netInterestIncome": "None", "extraordinaryItems": "None", "nonRecurring": "80500000", "otherItems": "None", "incomeTaxExpense": "310200000", "totalOtherIncomeExpense": "-21600000", "discontinuedOperations": "None", "netIncomeFromContinuingOperations": "-330500000", "netIncomeApplicableToCommonShares": "-330500000", "preferredStockAndOtherAdjustments": "None"}], "quarterlyReports": [{"fiscalDateEnding": "2020-07-31", "reportedCurrency": "USD", "totalRevenue": "913100000", "totalOperatingExpense": "767000000", "costOfRevenue": "80900000", "grossProfit": "832200000", "ebit": "167000000", "netIncome": "98200000", "researchAndDevelopment": "232500000", "effectOfAccountingCharges": "None", "incomeBeforeTax": "129000000", "minorityInterest": "None", "sellingGeneralAdministrative": "444100000", "otherNonOperatingIncome": "None", "operatingIncome": "146100000", "otherOperatingExpense": "None", "interestExpense": "8000000", "taxProvision": "30800000", "interestIncome": "None", "netInterestIncome": "-8000000", "extraordinaryItems": "None", "nonRecurring": "None", "otherItems": "None", "incomeTaxExpense": "30800000", "totalOtherIncomeExpense": "-9100000", "discontinuedOperations": "None", "netIncomeFromContinuingOperations": "98200000", "netIncomeApplicableToCommonShares": "98200000", "preferredStockAndOtherAdjustments": "None"}, {"fiscalDateEnding": "2020-04-30", "reportedCurrency": "USD", "totalRevenue": "885700000", "totalOperatingExpense": "673200000", "costOfRevenue": "81900000", "grossProfit": "803800000", "ebit": "130600000", "netIncome": "66500000", "researchAndDevelopment": "217400000", "effectOfAccountingCharges": "None", "incomeBeforeTax": "90500000", "minorityInterest": "None", "sellingGeneralAdministrative": "446100000", "otherNonOperatingIncome": "None", "operatingIncome": "130600000", "otherOperatingExpense": "9700000", "interestExpense": "40100000", "taxProvision": "24000000", "interestIncome": "-40700000", "netInterestIncome": "-22300000", "extraordinaryItems": "None", "nonRecurring": "None", "otherItems": "None", "incomeTaxExpense": "24000000", "totalOtherIncomeExpense": "-17800000", "discontinuedOperations": "None", "netIncomeFromContinuingOperations": "66500000", "netIncomeApplicableToCommonShares": "66500000", "preferredStockAndOtherAdjustments": "None"}, {"fiscalDateEnding": "2020-01-31", "reportedCurrency": "USD", "totalRevenue": "899300000", "totalOperatingExpense": "682300000", "costOfRevenue": "83200000", "grossProfit": "816100000", "ebit": "133800000", "netIncome": "131800000", "researchAndDevelopment": "217100000", "effectOfAccountingCharges": "None", "incomeBeforeTax": "123300000", "minorityInterest": "None", "sellingGeneralAdministrative": "455500000", "otherNonOperatingIncome": "None", "operatingIncome": "133800000", "otherOperatingExpense": "9700000", "interestExpense": "10500000", "taxProvision": "-8500000", "interestIncome": "-10300000", "netInterestIncome": "-11700000", "extraordinaryItems": "None", "nonRecurring": "None", "otherItems": "None", "incomeTaxExpense": "-8500000", "totalOtherIncomeExpense": "1200000", "discontinuedOperations": "None", "netIncomeFromContinuingOperations": "131800000", "netIncomeApplicableToCommonShares": "131800000", "preferredStockAndOtherAdjustments": "None"}, {"fiscalDateEnding": "2019-10-31", "reportedCurrency": "USD", "totalRevenue": "842700000", "totalOperatingExpense": "732000000", "costOfRevenue": "79500000", "grossProfit": "763200000", "ebit": "141900000", "netIncome": "66700000", "researchAndDevelopment": "213000000", "effectOfAccountingCharges": "None", "incomeBeforeTax": "96400000", "minorityInterest": "None", "sellingGeneralAdministrative": "429800000", "otherNonOperatingIncome": "None", "operatingIncome": "110700000", "otherOperatingExpense": "9800000", "interestExpense": "13900000", "taxProvision": "29700000", "interestIncome": "-14900000", "netInterestIncome": "-13900000", "extraordinaryItems": "None", "nonRecurring": "None", "otherItems": "None", "incomeTaxExpense": "29700000", "totalOtherIncomeExpense": "-400000", "discontinuedOperations": "None", "netIncomeFromContinuingOperations": "66700000", "netIncomeApplicableToCommonShares": "66700000", "preferredStockAndOtherAdjustments": "None"}, {"fiscalDateEnding": "2019-07-31", "reportedCurrency": "USD", "totalRevenue": "796800000", "totalOperatingExpense": "722800000", "costOfRevenue": "79500000", "grossProfit": "717300000", "ebit": "114000000", "netIncome": "40200000", "researchAndDevelopment": "215400000", "effectOfAccountingCharges": "None", "incomeBeforeTax": "66500000", "minorityInterest": "None", "sellingGeneralAdministrative": "418200000", "otherNonOperatingIncome": "None", "operatingIncome": "74000000", "otherOperatingExpense": "9900000", "interestExpense": "15400000", "taxProvision": "26300000", "interestIncome": "-10900000", "netInterestIncome": "-15400000", "extraordinaryItems": "None", "nonRecurring": "None", "otherItems": "None", "incomeTaxExpense": "26300000", "totalOtherIncomeExpense": "7900000", "discontinuedOperations": "None", "netIncomeFromContinuingOperations": "40200000", "netIncomeApplicableToCommonShares": "40200000", "preferredStockAndOtherAdjustments": "None"}, {"fiscalDateEnding": "2019-04-30", "reportedCurrency": "USD", "totalRevenue": "735500000", "totalOperatingExpense": "628000000", "costOfRevenue": "82700000", "grossProfit": "652800000", "ebit": "24800000", "netIncome": "-24200000", "researchAndDevelopment": "205600000", "effectOfAccountingCharges": "None", "incomeBeforeTax": "8600000", "minorityInterest": "None", "sellingGeneralAdministrative": "412400000", "otherNonOperatingIncome": "None", "operatingIncome": "24800000", "otherOperatingExpense": "10000000", "interestExpense": "16200000", "taxProvision": "32800000", "interestIncome": "-17300000", "netInterestIncome": "-13000000", "extraordinaryItems": "None", "nonRecurring": "None", "otherItems": "None", "incomeTaxExpense": "32800000", "totalOtherIncomeExpense": "-3400000", "discontinuedOperations": "None", "netIncomeFromContinuingOperations": "-24200000", "netIncomeApplicableToCommonShares": "-24200000", "preferredStockAndOtherAdjustments": "None"}, {"fiscalDateEnding": "2019-01-31", "reportedCurrency": "USD", "totalRevenue": "737300000", "totalOperatingExpense": "620000000", "costOfRevenue": "77000000", "grossProfit": "660300000", "ebit": "40300000", "netIncome": "64700000", "researchAndDevelopment": "190400000", "effectOfAccountingCharges": "0", "incomeBeforeTax": "33000000", "minorityInterest": "0", "sellingGeneralAdministrative": "421500000", "otherNonOperatingIncome": "None", "operatingIncome": "40300000", "otherOperatingExpense": "8100000", "interestExpense": "7300000", "taxProvision": "-15700000", "interestIncome": "None", "netInterestIncome": "None", "extraordinaryItems": "16000000", "nonRecurring": "0", "otherItems": "0", "incomeTaxExpense": "-31700000", "totalOtherIncomeExpense": "6300000", "discontinuedOperations": "0", "netIncomeFromContinuingOperations": "64700000", "netIncomeApplicableToCommonShares": "64700000", "preferredStockAndOtherAdjustments": "None"}, {"fiscalDateEnding": "2018-10-31", "reportedCurrency": "USD", "totalRevenue": "660900000", "totalOperatingExpense": "573900000", "costOfRevenue": "72300000", "grossProfit": "588600000", "ebit": "14700000", "netIncome": "-23700000", "researchAndDevelopment": "181000000", "effectOfAccountingCharges": "0", "incomeBeforeTax": "11500000", "minorityInterest": "0", "sellingGeneralAdministrative": "385000000", "otherNonOperatingIncome": "None", "operatingIncome": "14700000", "otherOperatingExpense": "7900000", "interestExpense": "3200000", "taxProvision": "None", "interestIncome": "None", "netInterestIncome": "None", "extraordinaryItems": "0", "nonRecurring": "0", "otherItems": "0", "incomeTaxExpense": "35200000", "totalOtherIncomeExpense": "-6900000", "discontinuedOperations": "0", "netIncomeFromContinuingOperations": "-23700000", "netIncomeApplicableToCommonShares": "-23700000", "preferredStockAndOtherAdjustments": "None"}, {"fiscalDateEnding": "2018-07-31", "reportedCurrency": "USD", "totalRevenue": "611700000", "totalOperatingExpense": "566600000", "costOfRevenue": "69800000", "grossProfit": "541900000", "ebit": "-24700000", "netIncome": "-39400000", "researchAndDevelopment": "180800000", "effectOfAccountingCharges": "0", "incomeBeforeTax": "-23400000", "minorityInterest": "0", "sellingGeneralAdministrative": "368200000", "otherNonOperatingIncome": "None", "operatingIncome": "-24700000", "otherOperatingExpense": "17600000", "interestExpense": "-1300000", "taxProvision": "None", "interestIncome": "None", "netInterestIncome": "None", "extraordinaryItems": "0", "nonRecurring": "-22500000", "otherItems": "0", "incomeTaxExpense": "16000000", "totalOtherIncomeExpense": "-12400000", "discontinuedOperations": "0", "netIncomeFromContinuingOperations": "-39400000", "netIncomeApplicableToCommonShares": "-39400000", "preferredStockAndOtherAdjustments": "None"}, {"fiscalDateEnding": "2018-04-30", "reportedCurrency": "USD", "totalRevenue": "559900000", "totalOperatingExpense": "548400000", "costOfRevenue": "66800000", "grossProfit": "493100000", "ebit": "-55300000", "netIncome": "-82400000", "researchAndDevelopment": "172800000", "effectOfAccountingCharges": "0", "incomeBeforeTax": "-63800000", "minorityInterest": "0", "sellingGeneralAdministrative": "349300000", "otherNonOperatingIncome": "None", "operatingIncome": "-55300000", "otherOperatingExpense": "26300000", "interestExpense": "8500000", "taxProvision": "None", "interestIncome": "None", "netInterestIncome": "None", "extraordinaryItems": "0", "nonRecurring": "22500000", "otherItems": "0", "incomeTaxExpense": "18600000", "totalOtherIncomeExpense": "-31000000", "discontinuedOperations": "0", "netIncomeFromContinuingOperations": "-82400000", "netIncomeApplicableToCommonShares": "-82400000", "preferredStockAndOtherAdjustments": "None"}, {"fiscalDateEnding": "2018-01-31", "reportedCurrency": "USD", "totalRevenue": "553800000", "totalOperatingExpense": "662600000", "costOfRevenue": "73100000", "grossProfit": "480700000", "ebit": "-181900000", "netIncome": "-173500000", "researchAndDevelopment": "182200000", "effectOfAccountingCharges": "0", "incomeBeforeTax": "-198300000", "minorityInterest": "0", "sellingGeneralAdministrative": "381600000", "otherNonOperatingIncome": "None", "operatingIncome": "-181900000", "otherOperatingExpense": "98800000", "interestExpense": "16400000", "taxProvision": "None", "interestIncome": "None", "netInterestIncome": "None", "extraordinaryItems": "0", "nonRecurring": "2600000", "otherItems": "0", "incomeTaxExpense": "-24800000", "totalOtherIncomeExpense": "-152500000", "discontinuedOperations": "0", "netIncomeFromContinuingOperations": "-173500000", "netIncomeApplicableToCommonShares": "-173500000", "preferredStockAndOtherAdjustments": "None"}, {"fiscalDateEnding": "2017-10-31", "reportedCurrency": "USD", "totalRevenue": "515300000", "totalOperatingExpense": "537800000", "costOfRevenue": "77500000", "grossProfit": "437800000", "ebit": "-100000000", "netIncome": "-119800000", "researchAndDevelopment": "191800000", "effectOfAccountingCharges": "0", "incomeBeforeTax": "-111200000", "minorityInterest": "0", "sellingGeneralAdministrative": "341300000", "otherNonOperatingIncome": "None", "operatingIncome": "-100000000", "otherOperatingExpense": "4700000", "interestExpense": "11200000", "taxProvision": "None", "interestIncome": "None", "netInterestIncome": "None", "extraordinaryItems": "0", "nonRecurring": "90100000", "otherItems": "0", "incomeTaxExpense": "8600000", "totalOtherIncomeExpense": "-23700000", "discontinuedOperations": "0", "netIncomeFromContinuingOperations": "-119800000", "netIncomeApplicableToCommonShares": "-119800000", "preferredStockAndOtherAdjustments": "None"}, {"fiscalDateEnding": "2017-07-31", "reportedCurrency": "USD", "totalRevenue": "501800000", "totalOperatingExpense": "534800000", "costOfRevenue": "74600000", "grossProfit": "427200000", "ebit": "-107600000", "netIncome": "-144000000", "researchAndDevelopment": "193800000", "effectOfAccountingCharges": "0", "incomeBeforeTax": "-126400000", "minorityInterest": "0", "sellingGeneralAdministrative": "335600000", "otherNonOperatingIncome": "None", "operatingIncome": "-107600000", "otherOperatingExpense": "5400000", "interestExpense": "18800000", "taxProvision": "None", "interestIncome": "None", "netInterestIncome": "None", "extraordinaryItems": "0", "nonRecurring": "1700000", "otherItems": "0", "incomeTaxExpense": "17600000", "totalOtherIncomeExpense": "25000000", "discontinuedOperations": "0", "netIncomeFromContinuingOperations": "-144000000", "netIncomeApplicableToCommonShares": "-144000000", "preferredStockAndOtherAdjustments": "None"}, {"fiscalDateEnding": "2017-04-30", "reportedCurrency": "USD", "totalRevenue": "485700000", "totalOperatingExpense": "527100000", "costOfRevenue": "78200000", "grossProfit": "407500000", "ebit": "-119600000", "netIncome": "-129600000", "researchAndDevelopment": "187700000", "effectOfAccountingCharges": "0", "incomeBeforeTax": "-121400000", "minorityInterest": "0", "sellingGeneralAdministrative": "334000000", "otherNonOperatingIncome": "None", "operatingIncome": "-119600000", "otherOperatingExpense": "5400000", "interestExpense": "1800000", "taxProvision": "None", "interestIncome": "None", "netInterestIncome": "None", "extraordinaryItems": "0", "nonRecurring": "-300000", "otherItems": "0", "incomeTaxExpense": "8200000", "totalOtherIncomeExpense": "-12500000", "discontinuedOperations": "0", "netIncomeFromContinuingOperations": "-129600000", "netIncomeApplicableToCommonShares": "-129600000", "preferredStockAndOtherAdjustments": "None"}, {"fiscalDateEnding": "2017-01-31", "reportedCurrency": "USD", "totalRevenue": "478800000", "totalOperatingExpense": "557800000", "costOfRevenue": "82800000", "grossProfit": "396000000", "ebit": "-161800000", "netIncome": "-168100000", "researchAndDevelopment": "185000000", "effectOfAccountingCharges": "0", "incomeBeforeTax": "-162900000", "minorityInterest": "0", "sellingGeneralAdministrative": "354500000", "otherNonOperatingIncome": "None", "operatingIncome": "-161800000", "otherOperatingExpense": "89800000", "interestExpense": "1100000", "taxProvision": "None", "interestIncome": "None", "netInterestIncome": "None", "extraordinaryItems": "0", "nonRecurring": "-31600000", "otherItems": "0", "incomeTaxExpense": "5200000", "totalOtherIncomeExpense": "-104700000", "discontinuedOperations": "0", "netIncomeFromContinuingOperations": "-168100000", "netIncomeApplicableToCommonShares": "-168100000", "preferredStockAndOtherAdjustments": "None"}, {"fiscalDateEnding": "2016-10-31", "reportedCurrency": "USD", "totalRevenue": "489600000", "totalOperatingExpense": "528000000", "costOfRevenue": "81500000", "grossProfit": "408100000", "ebit": "-119900000", "netIncome": "-142800000", "researchAndDevelopment": "192600000", "effectOfAccountingCharges": "0", "incomeBeforeTax": "-129300000", "minorityInterest": "0", "sellingGeneralAdministrative": "325400000", "otherNonOperatingIncome": "None", "operatingIncome": "-119900000", "otherOperatingExpense": "6800000", "interestExpense": "9400000", "taxProvision": "None", "interestIncome": "None", "netInterestIncome": "None", "extraordinaryItems": "0", "nonRecurring": "3200000", "otherItems": "0", "incomeTaxExpense": "13500000", "totalOtherIncomeExpense": "0", "discontinuedOperations": "0", "netIncomeFromContinuingOperations": "-142800000", "netIncomeApplicableToCommonShares": "-142800000", "preferredStockAndOtherAdjustments": "None"}, {"fiscalDateEnding": "2016-07-31", "reportedCurrency": "USD", "totalRevenue": "550700000", "totalOperatingExpense": "528500000", "costOfRevenue": "85100000", "grossProfit": "465600000", "ebit": "-62900000", "netIncome": "-98200000", "researchAndDevelopment": "193000000", "effectOfAccountingCharges": "0", "incomeBeforeTax": "-73000000", "minorityInterest": "0", "sellingGeneralAdministrative": "311700000", "otherNonOperatingIncome": "None", "operatingIncome": "-62900000", "otherOperatingExpense": "7800000", "interestExpense": "10100000", "taxProvision": "None", "interestIncome": "None", "netInterestIncome": "None", "extraordinaryItems": "0", "nonRecurring": "16000000", "otherItems": "0", "incomeTaxExpense": "25200000", "totalOtherIncomeExpense": "0", "discontinuedOperations": "0", "netIncomeFromContinuingOperations": "-98200000", "netIncomeApplicableToCommonShares": "-98200000", "preferredStockAndOtherAdjustments": "None"}, {"fiscalDateEnding": "2016-04-30", "reportedCurrency": "USD", "totalRevenue": "511900000", "totalOperatingExpense": "574400000", "costOfRevenue": "92500000", "grossProfit": "419400000", "ebit": "-158600000", "netIncome": "-173000000", "researchAndDevelopment": "193500000", "effectOfAccountingCharges": "0", "incomeBeforeTax": "-158600000", "minorityInterest": "0", "sellingGeneralAdministrative": "318700000", "otherNonOperatingIncome": "None", "operatingIncome": "-155000000", "otherOperatingExpense": "7900000", "interestExpense": "3600000", "taxProvision": "None", "interestIncome": "None", "netInterestIncome": "None", "extraordinaryItems": "0", "nonRecurring": "52300000", "otherItems": "0", "incomeTaxExpense": "14400000", "totalOtherIncomeExpense": "0", "discontinuedOperations": "0", "netIncomeFromContinuingOperations": "-173000000", "netIncomeApplicableToCommonShares": "-173000000", "preferredStockAndOtherAdjustments": "None"}, {"fiscalDateEnding": "2016-01-31", "reportedCurrency": "USD", "totalRevenue": "648300000", "totalOperatingExpense": "563100000", "costOfRevenue": "94900000", "grossProfit": "553400000", "ebit": "-9700000", "netIncome": "-70300000", "researchAndDevelopment": "204500000", "effectOfAccountingCharges": "0", "incomeBeforeTax": "-20500000", "minorityInterest": "0", "sellingGeneralAdministrative": "350600000", "otherNonOperatingIncome": "None", "operatingIncome": "-9700000", "otherOperatingExpense": "8000000", "interestExpense": "10800000", "taxProvision": "None", "interestIncome": "None", "netInterestIncome": "None", "extraordinaryItems": "0", "nonRecurring": "80500000", "otherItems": "0", "incomeTaxExpense": "49800000", "totalOtherIncomeExpense": "-21600000", "discontinuedOperations": "0", "netIncomeFromContinuingOperations": "-70300000", "netIncomeApplicableToCommonShares": "-70300000", "preferredStockAndOtherAdjustments": "None"}, {"fiscalDateEnding": "2015-10-31", "reportedCurrency": "USD", "totalRevenue": "599800000", "totalOperatingExpense": "523600000", "costOfRevenue": "91000000", "grossProfit": "508800000", "ebit": "-14800000", "netIncome": "-43800000", "researchAndDevelopment": "197900000", "effectOfAccountingCharges": "0", "incomeBeforeTax": "-22500000", "minorityInterest": "0", "sellingGeneralAdministrative": "317600000", "otherNonOperatingIncome": "None", "operatingIncome": "-14800000", "otherOperatingExpense": "8100000", "interestExpense": "7700000", "taxProvision": "None", "interestIncome": "None", "netInterestIncome": "None", "extraordinaryItems": "0", "nonRecurring": "0", "otherItems": "0", "incomeTaxExpense": "21300000", "totalOtherIncomeExpense": "0", "discontinuedOperations": "0", "netIncomeFromContinuingOperations": "-43800000", "netIncomeApplicableToCommonShares": "-43800000", "preferredStockAndOtherAdjustments": "None"}, {"fiscalDateEnding": "2015-07-31", "reportedCurrency": "USD", "totalRevenue": "609500000", "totalOperatingExpense": "512200000", "costOfRevenue": "93000000", "grossProfit": "516500000", "ebit": "4300000", "netIncome": "-235500000", "researchAndDevelopment": "193100000", "effectOfAccountingCharges": "0", "incomeBeforeTax": "900000", "minorityInterest": "0", "sellingGeneralAdministrative": "310900000", "otherNonOperatingIncome": "None", "operatingIncome": "4300000", "otherOperatingExpense": "8200000", "interestExpense": "3400000", "taxProvision": "None", "interestIncome": "None", "netInterestIncome": "None", "extraordinaryItems": "0", "nonRecurring": "0", "otherItems": "0", "incomeTaxExpense": "236400000", "totalOtherIncomeExpense": "0", "discontinuedOperations": "0", "netIncomeFromContinuingOperations": "-235500000", "netIncomeApplicableToCommonShares": "-235500000", "preferredStockAndOtherAdjustments": "None"}]}