{"symbol": "ADSW", "annualReports": [{"fiscalDateEnding": "2019-12-31", "reportedCurrency": "USD", "totalRevenue": "1623000000", "totalOperatingExpense": "1545100000", "costOfRevenue": "1058600000", "grossProfit": "564400000", "ebit": "352700000", "netIncome": "-6600000", "researchAndDevelopment": "None", "effectOfAccountingCharges": "None", "incomeBeforeTax": "-27000000", "minorityInterest": "None", "sellingGeneralAdministrative": "207700000", "otherNonOperatingIncome": "None", "operatingIncome": "77900000", "otherOperatingExpense": "None", "interestExpense": "100900000", "taxProvision": "-20400000", "interestIncome": "-100900000", "netInterestIncome": "-100900000", "extraordinaryItems": "None", "nonRecurring": "None", "otherItems": "None", "incomeTaxExpense": "-20400000", "totalOtherIncomeExpense": "-4000000", "discontinuedOperations": "None", "netIncomeFromContinuingOperations": "-6600000", "netIncomeApplicableToCommonShares": "-6600000", "preferredStockAndOtherAdjustments": "None"}, {"fiscalDateEnding": "2018-12-31", "reportedCurrency": "USD", "totalRevenue": "1558200000", "totalOperatingExpense": "1458100000", "costOfRevenue": "1006100000", "grossProfit": "552100000", "ebit": "380400000", "netIncome": "9400000", "researchAndDevelopment": "0", "effectOfAccountingCharges": "None", "incomeBeforeTax": "14000000", "minorityInterest": "None", "sellingGeneralAdministrative": "181500000", "otherNonOperatingIncome": "None", "operatingIncome": "100100000", "otherOperatingExpense": "-1800000", "interestExpense": "95900000", "taxProvision": "4600000", "interestIncome": "-95900000", "netInterestIncome": "-95900000", "extraordinaryItems": "None", "nonRecurring": "None", "otherItems": "None", "incomeTaxExpense": "4600000", "totalOtherIncomeExpense": "9800000", "discontinuedOperations": "None", "netIncomeFromContinuingOperations": "9400000", "netIncomeApplicableToCommonShares": "9400000", "preferredStockAndOtherAdjustments": "None"}, {"fiscalDateEnding": "2017-12-31", "reportedCurrency": "USD", "totalRevenue": "1507600000", "totalOperatingExpense": "1401400000", "costOfRevenue": "962100000", "grossProfit": "545500000", "ebit": "359900000", "netIncome": "38300000", "researchAndDevelopment": "0", "effectOfAccountingCharges": "None", "incomeBeforeTax": "-2900000", "minorityInterest": "None", "sellingGeneralAdministrative": "169500000", "otherNonOperatingIncome": "None", "operatingIncome": "106200000", "otherOperatingExpense": "-1800000", "interestExpense": "93000000", "taxProvision": "-41200000", "interestIncome": "-93000000", "netInterestIncome": "-93000000", "extraordinaryItems": "40300000", "nonRecurring": "4700000", "otherItems": "None", "incomeTaxExpense": "-41200000", "totalOtherIncomeExpense": "-16100000", "discontinuedOperations": "None", "netIncomeFromContinuingOperations": "38300000", "netIncomeApplicableToCommonShares": "38300000", "preferredStockAndOtherAdjustments": "None"}, {"fiscalDateEnding": "2016-12-31", "reportedCurrency": "USD", "totalRevenue": "1404600000", "totalOperatingExpense": "1269400000", "costOfRevenue": "865500000", "grossProfit": "539100000", "ebit": "325000000", "netIncome": "-30400000", "researchAndDevelopment": "0", "effectOfAccountingCharges": "None", "incomeBeforeTax": "-56100000", "minorityInterest": "None", "sellingGeneralAdministrative": "157000000", "otherNonOperatingIncome": "None", "operatingIncome": "135200000", "otherOperatingExpense": "-1800000", "interestExpense": "130200000", "taxProvision": "-25700000", "interestIncome": "-130200000", "netInterestIncome": "-130200000", "extraordinaryItems": "None", "nonRecurring": "1500000", "otherItems": "None", "incomeTaxExpense": "-25700000", "totalOtherIncomeExpense": "-61100000", "discontinuedOperations": "None", "netIncomeFromContinuingOperations": "-30400000", "netIncomeApplicableToCommonShares": "-30400000", "preferredStockAndOtherAdjustments": "None"}, {"fiscalDateEnding": "2015-12-31", "reportedCurrency": "USD", "totalRevenue": "1396400000", "totalOperatingExpense": "1279700000", "costOfRevenue": "866600000", "grossProfit": "529800000", "ebit": "116700000", "netIncome": "-33600000", "researchAndDevelopment": "0", "effectOfAccountingCharges": "None", "incomeBeforeTax": "-53000000", "minorityInterest": "None", "sellingGeneralAdministrative": "152600000", "otherNonOperatingIncome": "None", "operatingIncome": "95100000", "otherOperatingExpense": "-1800000", "interestExpense": "-138000000", "taxProvision": "-19400000", "interestIncome": "-138000000", "netInterestIncome": "None", "extraordinaryItems": "None", "nonRecurring": "1400000", "otherItems": "None", "incomeTaxExpense": "-19400000", "totalOtherIncomeExpense": "-169700000", "discontinuedOperations": "None", "netIncomeFromContinuingOperations": "-33600000", "netIncomeApplicableToCommonShares": "-33600000", "preferredStockAndOtherAdjustments": "None"}], "quarterlyReports": [{"fiscalDateEnding": "2020-06-30", "reportedCurrency": "USD", "totalRevenue": "380300000", "totalOperatingExpense": "352100000", "costOfRevenue": "None", "grossProfit": "None", "ebit": "92000000", "netIncome": "6200000", "researchAndDevelopment": "None", "effectOfAccountingCharges": "None", "incomeBeforeTax": "8100000", "minorityInterest": "None", "sellingGeneralAdministrative": "45700000", "otherNonOperatingIncome": "None", "operatingIncome": "28200000", "otherOperatingExpense": "None", "interestExpense": "19800000", "taxProvision": "1900000", "interestIncome": "None", "netInterestIncome": "-19800000", "extraordinaryItems": "None", "nonRecurring": "None", "otherItems": "None", "incomeTaxExpense": "1900000", "totalOtherIncomeExpense": "-300000", "discontinuedOperations": "None", "netIncomeFromContinuingOperations": "6200000", "netIncomeApplicableToCommonShares": "6200000", "preferredStockAndOtherAdjustments": "None"}, {"fiscalDateEnding": "2020-03-31", "reportedCurrency": "USD", "totalRevenue": "386700000", "totalOperatingExpense": "372900000", "costOfRevenue": "None", "grossProfit": "None", "ebit": "78900000", "netIncome": "-6300000", "researchAndDevelopment": "None", "effectOfAccountingCharges": "None", "incomeBeforeTax": "-8300000", "minorityInterest": "None", "sellingGeneralAdministrative": "51000000", "otherNonOperatingIncome": "None", "operatingIncome": "13800000", "otherOperatingExpense": "None", "interestExpense": "22600000", "taxProvision": "-2000000", "interestIncome": "-22600000", "netInterestIncome": "-22600000", "extraordinaryItems": "None", "nonRecurring": "None", "otherItems": "None", "incomeTaxExpense": "-2000000", "totalOtherIncomeExpense": "500000", "discontinuedOperations": "None", "netIncomeFromContinuingOperations": "-6300000", "netIncomeApplicableToCommonShares": "-6300000", "preferredStockAndOtherAdjustments": "None"}, {"fiscalDateEnding": "2019-12-31", "reportedCurrency": "USD", "totalRevenue": "400500000", "totalOperatingExpense": "381800000", "costOfRevenue": "261900000", "grossProfit": "138600000", "ebit": "92300000", "netIncome": "-3200000", "researchAndDevelopment": "None", "effectOfAccountingCharges": "None", "incomeBeforeTax": "-3600000", "minorityInterest": "None", "sellingGeneralAdministrative": "47700000", "otherNonOperatingIncome": "None", "operatingIncome": "18700000", "otherOperatingExpense": "None", "interestExpense": "23700000", "taxProvision": "-400000", "interestIncome": "-23700000", "netInterestIncome": "-23700000", "extraordinaryItems": "None", "nonRecurring": "None", "otherItems": "None", "incomeTaxExpense": "-400000", "totalOtherIncomeExpense": "1400000", "discontinuedOperations": "None", "netIncomeFromContinuingOperations": "-3200000", "netIncomeApplicableToCommonShares": "-3200000", "preferredStockAndOtherAdjustments": "None"}, {"fiscalDateEnding": "2019-09-30", "reportedCurrency": "USD", "totalRevenue": "419500000", "totalOperatingExpense": "388600000", "costOfRevenue": "270100000", "grossProfit": "149400000", "ebit": "100400000", "netIncome": "3600000", "researchAndDevelopment": "None", "effectOfAccountingCharges": "None", "incomeBeforeTax": "5000000", "minorityInterest": "None", "sellingGeneralAdministrative": "48100000", "otherNonOperatingIncome": "None", "operatingIncome": "30900000", "otherOperatingExpense": "None", "interestExpense": "25000000", "taxProvision": "1400000", "interestIncome": "-25000000", "netInterestIncome": "-25000000", "extraordinaryItems": "None", "nonRecurring": "None", "otherItems": "None", "incomeTaxExpense": "1400000", "totalOtherIncomeExpense": "-900000", "discontinuedOperations": "None", "netIncomeFromContinuingOperations": "3600000", "netIncomeApplicableToCommonShares": "3600000", "preferredStockAndOtherAdjustments": "None"}, {"fiscalDateEnding": "2019-06-30", "reportedCurrency": "USD", "totalRevenue": "419100000", "totalOperatingExpense": "409700000", "costOfRevenue": "277200000", "grossProfit": "141900000", "ebit": "75500000", "netIncome": "-1000000", "researchAndDevelopment": "None", "effectOfAccountingCharges": "None", "incomeBeforeTax": "-21000000", "minorityInterest": "None", "sellingGeneralAdministrative": "62200000", "otherNonOperatingIncome": "None", "operatingIncome": "9400000", "otherOperatingExpense": "None", "interestExpense": "26200000", "taxProvision": "-20000000", "interestIncome": "-26200000", "netInterestIncome": "-26200000", "extraordinaryItems": "None", "nonRecurring": "None", "otherItems": "None", "incomeTaxExpense": "-20000000", "totalOtherIncomeExpense": "-4200000", "discontinuedOperations": "None", "netIncomeFromContinuingOperations": "-1000000", "netIncomeApplicableToCommonShares": "-1000000", "preferredStockAndOtherAdjustments": "None"}, {"fiscalDateEnding": "2019-03-31", "reportedCurrency": "USD", "totalRevenue": "384000000", "totalOperatingExpense": "365200000", "costOfRevenue": "249600000", "grossProfit": "134400000", "ebit": "84500000", "netIncome": "-6000000", "researchAndDevelopment": "None", "effectOfAccountingCharges": "None", "incomeBeforeTax": "-7400000", "minorityInterest": "None", "sellingGeneralAdministrative": "49200000", "otherNonOperatingIncome": "None", "operatingIncome": "17900000", "otherOperatingExpense": "None", "interestExpense": "26000000", "taxProvision": "-1400000", "interestIncome": "-26000000", "netInterestIncome": "-26000000", "extraordinaryItems": "None", "nonRecurring": "None", "otherItems": "None", "incomeTaxExpense": "-1400000", "totalOtherIncomeExpense": "-200000", "discontinuedOperations": "None", "netIncomeFromContinuingOperations": "-6000000", "netIncomeApplicableToCommonShares": "-6000000", "preferredStockAndOtherAdjustments": "None"}, {"fiscalDateEnding": "2018-12-31", "reportedCurrency": "USD", "totalRevenue": "394800000", "totalOperatingExpense": "362400000", "costOfRevenue": "247300000", "grossProfit": "147500000", "ebit": "32400000", "netIncome": "2500000", "researchAndDevelopment": "0", "effectOfAccountingCharges": "0", "incomeBeforeTax": "3800000", "minorityInterest": "0", "sellingGeneralAdministrative": "47400000", "otherNonOperatingIncome": "None", "operatingIncome": "32400000", "otherOperatingExpense": "-1800000", "interestExpense": "-24900000", "taxProvision": "None", "interestIncome": "None", "netInterestIncome": "None", "extraordinaryItems": "0", "nonRecurring": "0", "otherItems": "0", "incomeTaxExpense": "1300000", "totalOtherIncomeExpense": "-28600000", "discontinuedOperations": "0", "netIncomeFromContinuingOperations": "2500000", "netIncomeApplicableToCommonShares": "2500000", "preferredStockAndOtherAdjustments": "None"}, {"fiscalDateEnding": "2018-09-30", "reportedCurrency": "USD", "totalRevenue": "400600000", "totalOperatingExpense": "381800000", "costOfRevenue": "268200000", "grossProfit": "132400000", "ebit": "18800000", "netIncome": "-4900000", "researchAndDevelopment": "0", "effectOfAccountingCharges": "0", "incomeBeforeTax": "-6100000", "minorityInterest": "0", "sellingGeneralAdministrative": "44700000", "otherNonOperatingIncome": "None", "operatingIncome": "18800000", "otherOperatingExpense": "0", "interestExpense": "-24400000", "taxProvision": "None", "interestIncome": "None", "netInterestIncome": "None", "extraordinaryItems": "0", "nonRecurring": "0", "otherItems": "0", "incomeTaxExpense": "-1200000", "totalOtherIncomeExpense": "-24900000", "discontinuedOperations": "0", "netIncomeFromContinuingOperations": "-4900000", "netIncomeApplicableToCommonShares": "-4900000", "preferredStockAndOtherAdjustments": "None"}, {"fiscalDateEnding": "2018-06-30", "reportedCurrency": "USD", "totalRevenue": "398100000", "totalOperatingExpense": "368200000", "costOfRevenue": "254400000", "grossProfit": "143700000", "ebit": "29900000", "netIncome": "9700000", "researchAndDevelopment": "0", "effectOfAccountingCharges": "0", "incomeBeforeTax": "13400000", "minorityInterest": "0", "sellingGeneralAdministrative": "44600000", "otherNonOperatingIncome": "None", "operatingIncome": "29900000", "otherOperatingExpense": "1800000", "interestExpense": "-23600000", "taxProvision": "None", "interestIncome": "None", "netInterestIncome": "None", "extraordinaryItems": "0", "nonRecurring": "-300000", "otherItems": "0", "incomeTaxExpense": "3700000", "totalOtherIncomeExpense": "-16500000", "discontinuedOperations": "0", "netIncomeFromContinuingOperations": "9700000", "netIncomeApplicableToCommonShares": "9700000", "preferredStockAndOtherAdjustments": "None"}, {"fiscalDateEnding": "2018-03-31", "reportedCurrency": "USD", "totalRevenue": "364700000", "totalOperatingExpense": "346500000", "costOfRevenue": "237900000", "grossProfit": "126800000", "ebit": "18200000", "netIncome": "2100000", "researchAndDevelopment": "0", "effectOfAccountingCharges": "0", "incomeBeforeTax": "2900000", "minorityInterest": "0", "sellingGeneralAdministrative": "45700000", "otherNonOperatingIncome": "None", "operatingIncome": "18200000", "otherOperatingExpense": "-1800000", "interestExpense": "-23000000", "taxProvision": "None", "interestIncome": "None", "netInterestIncome": "None", "extraordinaryItems": "0", "nonRecurring": "300000", "otherItems": "0", "incomeTaxExpense": "800000", "totalOtherIncomeExpense": "-15300000", "discontinuedOperations": "0", "netIncomeFromContinuingOperations": "2100000", "netIncomeApplicableToCommonShares": "2100000", "preferredStockAndOtherAdjustments": "None"}, {"fiscalDateEnding": "2017-12-31", "reportedCurrency": "USD", "totalRevenue": "384400000", "totalOperatingExpense": "2438400000", "costOfRevenue": "237400000", "grossProfit": "545500000", "ebit": "144100000", "netIncome": "42000000", "researchAndDevelopment": "0", "effectOfAccountingCharges": "0", "incomeBeforeTax": "2200000", "minorityInterest": "0", "sellingGeneralAdministrative": "42100000", "otherNonOperatingIncome": "None", "operatingIncome": "28700000", "otherOperatingExpense": "-169200000", "interestExpense": "20600000", "taxProvision": "None", "interestIncome": "None", "netInterestIncome": "None", "extraordinaryItems": "0", "nonRecurring": "-900000", "otherItems": "0", "incomeTaxExpense": "-44600000", "totalOtherIncomeExpense": "-85000000", "discontinuedOperations": "0", "netIncomeFromContinuingOperations": "76000000", "netIncomeApplicableToCommonShares": "42000000", "preferredStockAndOtherAdjustments": "None"}, {"fiscalDateEnding": "2017-09-30", "reportedCurrency": "USD", "totalRevenue": "392700000", "totalOperatingExpense": "-1384400000", "costOfRevenue": "241900000", "grossProfit": "0", "ebit": "-30400000", "netIncome": "3500000", "researchAndDevelopment": "0", "effectOfAccountingCharges": "0", "incomeBeforeTax": "6900000", "minorityInterest": "0", "sellingGeneralAdministrative": "41700000", "otherNonOperatingIncome": "None", "operatingIncome": "36400000", "otherOperatingExpense": "345500000", "interestExpense": "24000000", "taxProvision": "None", "interestIncome": "None", "netInterestIncome": "None", "extraordinaryItems": "0", "nonRecurring": "7300000", "otherItems": "0", "incomeTaxExpense": "3400000", "totalOtherIncomeExpense": "1600000", "discontinuedOperations": "0", "netIncomeFromContinuingOperations": "-65500000", "netIncomeApplicableToCommonShares": "3500000", "preferredStockAndOtherAdjustments": "None"}, {"fiscalDateEnding": "2017-06-30", "reportedCurrency": "USD", "totalRevenue": "383100000", "totalOperatingExpense": "348700000", "costOfRevenue": "236400000", "grossProfit": "0", "ebit": "-19600000", "netIncome": "6800000", "researchAndDevelopment": "0", "effectOfAccountingCharges": "0", "incomeBeforeTax": "11400000", "minorityInterest": "0", "sellingGeneralAdministrative": "40700000", "otherNonOperatingIncome": "None", "operatingIncome": "34700000", "otherOperatingExpense": "-239500000", "interestExpense": "25100000", "taxProvision": "None", "interestIncome": "None", "netInterestIncome": "None", "extraordinaryItems": "0", "nonRecurring": "-2200000", "otherItems": "0", "incomeTaxExpense": "4600000", "totalOtherIncomeExpense": "-1400000", "discontinuedOperations": "0", "netIncomeFromContinuingOperations": "34800000", "netIncomeApplicableToCommonShares": "34800000", "preferredStockAndOtherAdjustments": "None"}, {"fiscalDateEnding": "2017-03-31", "reportedCurrency": "USD", "totalRevenue": "347400000", "totalOperatingExpense": "0", "costOfRevenue": "219900000", "grossProfit": "0", "ebit": "10800000", "netIncome": "-7000000", "researchAndDevelopment": "0", "effectOfAccountingCharges": "0", "incomeBeforeTax": "-11700000", "minorityInterest": "0", "sellingGeneralAdministrative": "45000000", "otherNonOperatingIncome": "None", "operatingIncome": "17500000", "otherOperatingExpense": "61400000", "interestExpense": "23800000", "taxProvision": "None", "interestIncome": "None", "netInterestIncome": "None", "extraordinaryItems": "0", "nonRecurring": "500000", "otherItems": "0", "incomeTaxExpense": "-4700000", "totalOtherIncomeExpense": "-23000000", "discontinuedOperations": "0", "netIncomeFromContinuingOperations": "-7000000", "netIncomeApplicableToCommonShares": "-7000000", "preferredStockAndOtherAdjustments": "None"}, {"fiscalDateEnding": "2016-12-31", "reportedCurrency": "USD", "totalRevenue": "352000000", "totalOperatingExpense": "1270100000", "costOfRevenue": "209700000", "grossProfit": "539100000", "ebit": "161400000", "netIncome": "-34100000", "researchAndDevelopment": "0", "effectOfAccountingCharges": "0", "incomeBeforeTax": "-62100000", "minorityInterest": "0", "sellingGeneralAdministrative": "37300000", "otherNonOperatingIncome": "None", "operatingIncome": "44300000", "otherOperatingExpense": "-172200000", "interestExpense": "27500000", "taxProvision": "None", "interestIncome": "None", "netInterestIncome": "None", "extraordinaryItems": "0", "nonRecurring": "-4000000", "otherItems": "0", "incomeTaxExpense": "-28000000", "totalOtherIncomeExpense": "-157000000", "discontinuedOperations": "0", "netIncomeFromContinuingOperations": "52900000", "netIncomeApplicableToCommonShares": "-34100000", "preferredStockAndOtherAdjustments": "None"}, {"fiscalDateEnding": "2016-09-30", "reportedCurrency": "USD", "totalRevenue": "360600000", "totalOperatingExpense": "0", "costOfRevenue": "217000000", "grossProfit": "0", "ebit": "-10900000", "netIncome": "3700000", "researchAndDevelopment": "0", "effectOfAccountingCharges": "0", "incomeBeforeTax": "6000000", "minorityInterest": "0", "sellingGeneralAdministrative": "35600000", "otherNonOperatingIncome": "None", "operatingIncome": "40700000", "otherOperatingExpense": "349000000", "interestExpense": "34100000", "taxProvision": "None", "interestIncome": "None", "netInterestIncome": "None", "extraordinaryItems": "0", "nonRecurring": "9000000", "otherItems": "0", "incomeTaxExpense": "2300000", "totalOtherIncomeExpense": "34600000", "discontinuedOperations": "0", "netIncomeFromContinuingOperations": "-140800000", "netIncomeApplicableToCommonShares": "3700000", "preferredStockAndOtherAdjustments": "None"}, {"fiscalDateEnding": "2016-06-30", "reportedCurrency": "USD", "totalRevenue": "358200000", "totalOperatingExpense": "0", "costOfRevenue": "215900000", "grossProfit": "0", "ebit": "-29100000", "netIncome": "300000", "researchAndDevelopment": "0", "effectOfAccountingCharges": "0", "incomeBeforeTax": "2200000", "minorityInterest": "0", "sellingGeneralAdministrative": "39100000", "otherNonOperatingIncome": "None", "operatingIncome": "35400000", "otherOperatingExpense": "-239400000", "interestExpense": "34200000", "taxProvision": "None", "interestIncome": "None", "netInterestIncome": "None", "extraordinaryItems": "0", "nonRecurring": "-4400000", "otherItems": "0", "incomeTaxExpense": "1900000", "totalOtherIncomeExpense": "-68200000", "discontinuedOperations": "0", "netIncomeFromContinuingOperations": "71800000", "netIncomeApplicableToCommonShares": "300000", "preferredStockAndOtherAdjustments": "None"}, {"fiscalDateEnding": "2016-03-31", "reportedCurrency": "USD", "totalRevenue": "333800000", "totalOperatingExpense": "0", "costOfRevenue": "209900000", "grossProfit": "0", "ebit": "13100000", "netIncome": "0", "researchAndDevelopment": "0", "effectOfAccountingCharges": "0", "incomeBeforeTax": "0", "minorityInterest": "0", "sellingGeneralAdministrative": "37900000", "otherNonOperatingIncome": "None", "operatingIncome": "21900000", "otherOperatingExpense": "60800000", "interestExpense": "34400000", "taxProvision": "None", "interestIncome": "None", "netInterestIncome": "None", "extraordinaryItems": "0", "nonRecurring": "900000", "otherItems": "0", "incomeTaxExpense": "0", "totalOtherIncomeExpense": "0", "discontinuedOperations": "0", "netIncomeFromContinuingOperations": "-14300000", "netIncomeApplicableToCommonShares": "-14300000", "preferredStockAndOtherAdjustments": "None"}, {"fiscalDateEnding": "2015-12-31", "reportedCurrency": "USD", "totalRevenue": "349600000", "totalOperatingExpense": "1279700000", "costOfRevenue": "211100000", "grossProfit": "529800000", "ebit": "116700000", "netIncome": "-33600000", "researchAndDevelopment": "0", "effectOfAccountingCharges": "0", "incomeBeforeTax": "-53000000", "minorityInterest": "0", "sellingGeneralAdministrative": "42200000", "otherNonOperatingIncome": "None", "operatingIncome": "28900000", "otherOperatingExpense": "-1800000", "interestExpense": "34000000", "taxProvision": "None", "interestIncome": "None", "netInterestIncome": "None", "extraordinaryItems": "0", "nonRecurring": "1400000", "otherItems": "0", "incomeTaxExpense": "-19400000", "totalOtherIncomeExpense": "-169700000", "discontinuedOperations": "0", "netIncomeFromContinuingOperations": "-33600000", "netIncomeApplicableToCommonShares": "-33600000", "preferredStockAndOtherAdjustments": "None"}, {"fiscalDateEnding": "2015-09-30", "reportedCurrency": "USD", "totalRevenue": "361300000", "totalOperatingExpense": "0", "costOfRevenue": "220200000", "grossProfit": "0", "ebit": "0", "netIncome": "0", "researchAndDevelopment": "0", "effectOfAccountingCharges": "0", "incomeBeforeTax": "0", "minorityInterest": "0", "sellingGeneralAdministrative": "37500000", "otherNonOperatingIncome": "None", "operatingIncome": "32900000", "otherOperatingExpense": "0", "interestExpense": "34200000", "taxProvision": "None", "interestIncome": "None", "netInterestIncome": "None", "extraordinaryItems": "0", "nonRecurring": "0", "otherItems": "0", "incomeTaxExpense": "0", "totalOtherIncomeExpense": "0", "discontinuedOperations": "0", "netIncomeFromContinuingOperations": "0", "netIncomeApplicableToCommonShares": "0", "preferredStockAndOtherAdjustments": "None"}, {"fiscalDateEnding": "2015-06-30", "reportedCurrency": "USD", "totalRevenue": "355100000", "totalOperatingExpense": "0", "costOfRevenue": "217800000", "grossProfit": "0", "ebit": "0", "netIncome": "0", "researchAndDevelopment": "0", "effectOfAccountingCharges": "0", "incomeBeforeTax": "0", "minorityInterest": "0", "sellingGeneralAdministrative": "36100000", "otherNonOperatingIncome": "None", "operatingIncome": "31500000", "otherOperatingExpense": "0", "interestExpense": "35600000", "taxProvision": "None", "interestIncome": "None", "netInterestIncome": "None", "extraordinaryItems": "0", "nonRecurring": "0", "otherItems": "0", "incomeTaxExpense": "0", "totalOtherIncomeExpense": "0", "discontinuedOperations": "0", "netIncomeFromContinuingOperations": "0", "netIncomeApplicableToCommonShares": "0", "preferredStockAndOtherAdjustments": "None"}]}