{"symbol": "ADT", "annualReports": [{"fiscalDateEnding": "2019-12-31", "reportedCurrency": "USD", "totalRevenue": "5125657000", "totalOperatingExpense": "4785898000", "costOfRevenue": "1390284000", "grossProfit": "3735373000", "ebit": "2086463000", "netIncome": "-424150000", "researchAndDevelopment": "None", "effectOfAccountingCharges": "None", "incomeBeforeTax": "-522192000", "minorityInterest": "None", "sellingGeneralAdministrative": "1406532000", "otherNonOperatingIncome": "None", "operatingIncome": "339759000", "otherOperatingExpense": "None", "interestExpense": "619573000", "taxProvision": "-98042000", "interestIncome": "-619573000", "netInterestIncome": "-619573000", "extraordinaryItems": "None", "nonRecurring": "None", "otherItems": "None", "incomeTaxExpense": "-98042000", "totalOtherIncomeExpense": "-242378000", "discontinuedOperations": "None", "netIncomeFromContinuingOperations": "-424150000", "netIncomeApplicableToCommonShares": "-424150000", "preferredStockAndOtherAdjustments": "None"}, {"fiscalDateEnding": "2018-12-31", "reportedCurrency": "USD", "totalRevenue": "4581673000", "totalOperatingExpense": "4219215000", "costOfRevenue": "1041336000", "grossProfit": "3540337000", "ebit": "1961515000", "netIncome": "-609155000", "researchAndDevelopment": "None", "effectOfAccountingCharges": "None", "incomeBeforeTax": "-632618000", "minorityInterest": "None", "sellingGeneralAdministrative": "1246950000", "otherNonOperatingIncome": "None", "operatingIncome": "362458000", "otherOperatingExpense": "None", "interestExpense": "663204000", "taxProvision": "-23463000", "interestIncome": "-663204000", "netInterestIncome": "-663204000", "extraordinaryItems": "None", "nonRecurring": "None", "otherItems": "None", "incomeTaxExpense": "-23463000", "totalOtherIncomeExpense": "-331872000", "discontinuedOperations": "None", "netIncomeFromContinuingOperations": "-609155000", "netIncomeApplicableToCommonShares": "-609155000", "preferredStockAndOtherAdjustments": "None"}, {"fiscalDateEnding": "2017-12-31", "reportedCurrency": "USD", "totalRevenue": "4315502000", "totalOperatingExpense": "3968235000", "costOfRevenue": "895736000", "grossProfit": "3419766000", "ebit": "2174454000", "netIncome": "342627000", "researchAndDevelopment": "None", "effectOfAccountingCharges": "None", "incomeBeforeTax": "-421686000", "minorityInterest": "None", "sellingGeneralAdministrative": "1209200000", "otherNonOperatingIncome": "None", "operatingIncome": "347267000", "otherOperatingExpense": "42828000", "interestExpense": "732841000", "taxProvision": "-764313000", "interestIncome": "-732841000", "netInterestIncome": "-732841000", "extraordinaryItems": "27026000", "nonRecurring": "None", "otherItems": "None", "incomeTaxExpense": "-764313000", "totalOtherIncomeExpense": "-36112000", "discontinuedOperations": "None", "netIncomeFromContinuingOperations": "342627000", "netIncomeApplicableToCommonShares": "342627000", "preferredStockAndOtherAdjustments": "None"}, {"fiscalDateEnding": "2016-12-31", "reportedCurrency": "USD", "totalRevenue": "2949766000", "totalOperatingExpense": "2785293000", "costOfRevenue": "693430000", "grossProfit": "2256336000", "ebit": "951720000", "netIncome": "-536587000", "researchAndDevelopment": "None", "effectOfAccountingCharges": "None", "incomeBeforeTax": "-802738000", "minorityInterest": "None", "sellingGeneralAdministrative": "858896000", "otherNonOperatingIncome": "None", "operatingIncome": "164473000", "otherOperatingExpense": "6788000", "interestExpense": "521491000", "taxProvision": "-266151000", "interestIncome": "-521491000", "netInterestIncome": "-521491000", "extraordinaryItems": "None", "nonRecurring": "None", "otherItems": "None", "incomeTaxExpense": "-266151000", "totalOtherIncomeExpense": "-445720000", "discontinuedOperations": "None", "netIncomeFromContinuingOperations": "-536587000", "netIncomeApplicableToCommonShares": "-536587000", "preferredStockAndOtherAdjustments": "None"}, {"fiscalDateEnding": "2015-12-31", "reportedCurrency": "USD", "totalRevenue": "549276000", "totalOperatingExpense": "533421000", "costOfRevenue": "249112000", "grossProfit": "300164000", "ebit": "15855000", "netIncome": "-72844000", "researchAndDevelopment": "None", "effectOfAccountingCharges": "None", "incomeBeforeTax": "-102184000", "minorityInterest": "None", "sellingGeneralAdministrative": "159111000", "otherNonOperatingIncome": "None", "operatingIncome": "-28542000", "otherOperatingExpense": "12036000", "interestExpense": "-74298000", "taxProvision": "-29340000", "interestIncome": "-74298000", "netInterestIncome": "None", "extraordinaryItems": "None", "nonRecurring": "None", "otherItems": "None", "incomeTaxExpense": "-29340000", "totalOtherIncomeExpense": "-118039000", "discontinuedOperations": "None", "netIncomeFromContinuingOperations": "-72844000", "netIncomeApplicableToCommonShares": "-72844000", "preferredStockAndOtherAdjustments": "None"}], "quarterlyReports": [{"fiscalDateEnding": "2020-06-30", "reportedCurrency": "USD", "totalRevenue": "1331387000", "totalOperatingExpense": "1268247000", "costOfRevenue": "376347000", "grossProfit": "955040000", "ebit": "530562000", "netIncome": "-106741000", "researchAndDevelopment": "None", "effectOfAccountingCharges": "None", "incomeBeforeTax": "-134572000", "minorityInterest": "None", "sellingGeneralAdministrative": "414031000", "otherNonOperatingIncome": "None", "operatingIncome": "63140000", "otherOperatingExpense": "None", "interestExpense": "187265000", "taxProvision": "-27831000", "interestIncome": "None", "netInterestIncome": "-187265000", "extraordinaryItems": "None", "nonRecurring": "None", "otherItems": "None", "incomeTaxExpense": "-27831000", "totalOtherIncomeExpense": "-10447000", "discontinuedOperations": "None", "netIncomeFromContinuingOperations": "-106741000", "netIncomeApplicableToCommonShares": "-106741000", "preferredStockAndOtherAdjustments": "None"}, {"fiscalDateEnding": "2020-03-31", "reportedCurrency": "USD", "totalRevenue": "1369752000", "totalOperatingExpense": "1350237000", "costOfRevenue": "407986000", "grossProfit": "961766000", "ebit": "336134000", "netIncome": "-300293000", "researchAndDevelopment": "None", "effectOfAccountingCharges": "None", "incomeBeforeTax": "-378257000", "minorityInterest": "None", "sellingGeneralAdministrative": "453227000", "otherNonOperatingIncome": "None", "operatingIncome": "19515000", "otherOperatingExpense": "109000000", "interestExpense": "225367000", "taxProvision": "-77964000", "interestIncome": "-225367000", "netInterestIncome": "-225367000", "extraordinaryItems": "None", "nonRecurring": "None", "otherItems": "None", "incomeTaxExpense": "-77964000", "totalOtherIncomeExpense": "-172405000", "discontinuedOperations": "None", "netIncomeFromContinuingOperations": "-300293000", "netIncomeApplicableToCommonShares": "-300293000", "preferredStockAndOtherAdjustments": "None"}, {"fiscalDateEnding": "2019-12-31", "reportedCurrency": "USD", "totalRevenue": "1298283000", "totalOperatingExpense": "1214903000", "costOfRevenue": "369681000", "grossProfit": "928602000", "ebit": "551645000", "netIncome": "-71993000", "researchAndDevelopment": "None", "effectOfAccountingCharges": "None", "incomeBeforeTax": "-88459000", "minorityInterest": "None", "sellingGeneralAdministrative": "358714000", "otherNonOperatingIncome": "None", "operatingIncome": "83380000", "otherOperatingExpense": "109000000", "interestExpense": "153596000", "taxProvision": "-16466000", "interestIncome": "-153596000", "netInterestIncome": "-153596000", "extraordinaryItems": "None", "nonRecurring": "None", "otherItems": "None", "incomeTaxExpense": "-16466000", "totalOtherIncomeExpense": "-18243000", "discontinuedOperations": "None", "netIncomeFromContinuingOperations": "-71993000", "netIncomeApplicableToCommonShares": "-71993000", "preferredStockAndOtherAdjustments": "None"}, {"fiscalDateEnding": "2019-09-30", "reportedCurrency": "USD", "totalRevenue": "1300570000", "totalOperatingExpense": "1241033000", "costOfRevenue": "356556000", "grossProfit": "944014000", "ebit": "440266000", "netIncome": "-181630000", "researchAndDevelopment": "None", "effectOfAccountingCharges": "None", "incomeBeforeTax": "-217997000", "minorityInterest": "None", "sellingGeneralAdministrative": "378645000", "otherNonOperatingIncome": "None", "operatingIncome": "59537000", "otherOperatingExpense": "109000000", "interestExpense": "152431000", "taxProvision": "-36367000", "interestIncome": "-152431000", "netInterestIncome": "-152431000", "extraordinaryItems": "None", "nonRecurring": "None", "otherItems": "None", "incomeTaxExpense": "-36367000", "totalOtherIncomeExpense": "-125103000", "discontinuedOperations": "None", "netIncomeFromContinuingOperations": "-181630000", "netIncomeApplicableToCommonShares": "-181630000", "preferredStockAndOtherAdjustments": "None"}, {"fiscalDateEnding": "2019-06-30", "reportedCurrency": "USD", "totalRevenue": "1283744000", "totalOperatingExpense": "1183617000", "costOfRevenue": "338089000", "grossProfit": "945655000", "ebit": "528600000", "netIncome": "-104057000", "researchAndDevelopment": "None", "effectOfAccountingCharges": "None", "incomeBeforeTax": "-126905000", "minorityInterest": "None", "sellingGeneralAdministrative": "344664000", "otherNonOperatingIncome": "None", "operatingIncome": "100127000", "otherOperatingExpense": "109000000", "interestExpense": "154641000", "taxProvision": "-22848000", "interestIncome": "-154641000", "netInterestIncome": "-154641000", "extraordinaryItems": "None", "nonRecurring": "None", "otherItems": "None", "incomeTaxExpense": "-22848000", "totalOtherIncomeExpense": "-72391000", "discontinuedOperations": "None", "netIncomeFromContinuingOperations": "-104057000", "netIncomeApplicableToCommonShares": "-104057000", "preferredStockAndOtherAdjustments": "None"}, {"fiscalDateEnding": "2019-03-31", "reportedCurrency": "USD", "totalRevenue": "1243060000", "totalOperatingExpense": "1146345000", "costOfRevenue": "325958000", "grossProfit": "917102000", "ebit": "565952000", "netIncome": "-66470000", "researchAndDevelopment": "None", "effectOfAccountingCharges": "None", "incomeBeforeTax": "-88831000", "minorityInterest": "None", "sellingGeneralAdministrative": "324509000", "otherNonOperatingIncome": "None", "operatingIncome": "68875000", "otherOperatingExpense": "None", "interestExpense": "158905000", "taxProvision": "-22361000", "interestIncome": "-158905000", "netInterestIncome": "-158905000", "extraordinaryItems": "None", "nonRecurring": "None", "otherItems": "None", "incomeTaxExpense": "-22361000", "totalOtherIncomeExpense": "-26641000", "discontinuedOperations": "None", "netIncomeFromContinuingOperations": "-66470000", "netIncomeApplicableToCommonShares": "-66470000", "preferredStockAndOtherAdjustments": "None"}, {"fiscalDateEnding": "2018-12-31", "reportedCurrency": "USD", "totalRevenue": "1185450000", "totalOperatingExpense": "1099415000", "costOfRevenue": "283431000", "grossProfit": "902019000", "ebit": "86035000", "netIncome": "-149469000", "researchAndDevelopment": "0", "effectOfAccountingCharges": "0", "incomeBeforeTax": "-153092000", "minorityInterest": "0", "sellingGeneralAdministrative": "331823000", "otherNonOperatingIncome": "None", "operatingIncome": "86035000", "otherOperatingExpense": "0", "interestExpense": "-161987000", "taxProvision": "None", "interestIncome": "None", "netInterestIncome": "None", "extraordinaryItems": "0", "nonRecurring": "0", "otherItems": "0", "incomeTaxExpense": "-3623000", "totalOtherIncomeExpense": "-239127000", "discontinuedOperations": "0", "netIncomeFromContinuingOperations": "-149469000", "netIncomeApplicableToCommonShares": "-149469000", "preferredStockAndOtherAdjustments": "None"}, {"fiscalDateEnding": "2018-09-30", "reportedCurrency": "USD", "totalRevenue": "1148316000", "totalOperatingExpense": "1033177000", "costOfRevenue": "263286000", "grossProfit": "885030000", "ebit": "115139000", "netIncome": "-235544000", "researchAndDevelopment": "0", "effectOfAccountingCharges": "0", "incomeBeforeTax": "-243245000", "minorityInterest": "0", "sellingGeneralAdministrative": "295119000", "otherNonOperatingIncome": "None", "operatingIncome": "115139000", "otherOperatingExpense": "0", "interestExpense": "-152405000", "taxProvision": "None", "interestIncome": "None", "netInterestIncome": "None", "extraordinaryItems": "0", "nonRecurring": "0", "otherItems": "0", "incomeTaxExpense": "-7701000", "totalOtherIncomeExpense": "-358384000", "discontinuedOperations": "0", "netIncomeFromContinuingOperations": "-235544000", "netIncomeApplicableToCommonShares": "-235544000", "preferredStockAndOtherAdjustments": "None"}, {"fiscalDateEnding": "2018-06-30", "reportedCurrency": "USD", "totalRevenue": "1131459000", "totalOperatingExpense": "1057083000", "costOfRevenue": "246225000", "grossProfit": "885234000", "ebit": "74376000", "netIncome": "-66705000", "researchAndDevelopment": "0", "effectOfAccountingCharges": "0", "incomeBeforeTax": "-71276000", "minorityInterest": "0", "sellingGeneralAdministrative": "322538000", "otherNonOperatingIncome": "None", "operatingIncome": "74376000", "otherOperatingExpense": "0", "interestExpense": "-174479000", "taxProvision": "None", "interestIncome": "None", "netInterestIncome": "None", "extraordinaryItems": "0", "nonRecurring": "0", "otherItems": "0", "incomeTaxExpense": "-4571000", "totalOtherIncomeExpense": "-145652000", "discontinuedOperations": "0", "netIncomeFromContinuingOperations": "-66705000", "netIncomeApplicableToCommonShares": "-66705000", "preferredStockAndOtherAdjustments": "None"}, {"fiscalDateEnding": "2018-03-31", "reportedCurrency": "USD", "totalRevenue": "1116448000", "totalOperatingExpense": "1047040000", "costOfRevenue": "248394000", "grossProfit": "868054000", "ebit": "69408000", "netIncome": "-157437000", "researchAndDevelopment": "0", "effectOfAccountingCharges": "0", "incomeBeforeTax": "-165005000", "minorityInterest": "0", "sellingGeneralAdministrative": "314970000", "otherNonOperatingIncome": "None", "operatingIncome": "69408000", "otherOperatingExpense": "0", "interestExpense": "-174333000", "taxProvision": "None", "interestIncome": "None", "netInterestIncome": "None", "extraordinaryItems": "0", "nonRecurring": "0", "otherItems": "0", "incomeTaxExpense": "-7568000", "totalOtherIncomeExpense": "-234413000", "discontinuedOperations": "0", "netIncomeFromContinuingOperations": "-157437000", "netIncomeApplicableToCommonShares": "-157437000", "preferredStockAndOtherAdjustments": "None"}, {"fiscalDateEnding": "2017-12-31", "reportedCurrency": "USD", "totalRevenue": "1105532000", "totalOperatingExpense": "3994150000", "costOfRevenue": "237641000", "grossProfit": "3413474000", "ebit": "306170000", "netIncome": "638188000", "researchAndDevelopment": "0", "effectOfAccountingCharges": "0", "incomeBeforeTax": "-445413000", "minorityInterest": "0", "sellingGeneralAdministrative": "286152000", "otherNonOperatingIncome": "None", "operatingIncome": "105685000", "otherOperatingExpense": "42828000", "interestExpense": "179312000", "taxProvision": "None", "interestIncome": "None", "netInterestIncome": "None", "extraordinaryItems": "0", "nonRecurring": "0", "otherItems": "0", "incomeTaxExpense": "-757414000", "totalOtherIncomeExpense": "-751583000", "discontinuedOperations": "0", "netIncomeFromContinuingOperations": "312001000", "netIncomeApplicableToCommonShares": "638188000", "preferredStockAndOtherAdjustments": "None"}, {"fiscalDateEnding": "2017-09-30", "reportedCurrency": "USD", "totalRevenue": "1082962000", "totalOperatingExpense": "1086600000", "costOfRevenue": "224140000", "grossProfit": "840811500", "ebit": "-16466000", "netIncome": "-134358500", "researchAndDevelopment": "0", "effectOfAccountingCharges": "0", "incomeBeforeTax": "-188490500", "minorityInterest": "0", "sellingGeneralAdministrative": "284137000", "otherNonOperatingIncome": "None", "operatingIncome": "106756000", "otherOperatingExpense": "42828000", "interestExpense": "184369000", "taxProvision": "None", "interestIncome": "None", "netInterestIncome": "None", "extraordinaryItems": "0", "nonRecurring": "0", "otherItems": "0", "incomeTaxExpense": "-54132000", "totalOtherIncomeExpense": "-172024500", "discontinuedOperations": "0", "netIncomeFromContinuingOperations": "-134358500", "netIncomeApplicableToCommonShares": "-134358500", "preferredStockAndOtherAdjustments": "None"}, {"fiscalDateEnding": "2017-06-30", "reportedCurrency": "USD", "totalRevenue": "1067780000", "totalOperatingExpense": "-2102576000", "costOfRevenue": "215250000", "grossProfit": "-1675042500", "ebit": "-11604000", "netIncome": "305859500", "researchAndDevelopment": "0", "effectOfAccountingCharges": "0", "incomeBeforeTax": "384657500", "minorityInterest": "0", "sellingGeneralAdministrative": "283635000", "otherNonOperatingIncome": "None", "operatingIncome": "110508000", "otherOperatingExpense": "-85656000", "interestExpense": "188099000", "taxProvision": "None", "interestIncome": "None", "netInterestIncome": "None", "extraordinaryItems": "0", "nonRecurring": "0", "otherItems": "0", "incomeTaxExpense": "78798000", "totalOtherIncomeExpense": "396261500", "discontinuedOperations": "0", "netIncomeFromContinuingOperations": "305859500", "netIncomeApplicableToCommonShares": "305859500", "preferredStockAndOtherAdjustments": "None"}, {"fiscalDateEnding": "2017-03-31", "reportedCurrency": "USD", "totalRevenue": "1059228000", "totalOperatingExpense": "1032889000", "costOfRevenue": "218705000", "grossProfit": "840523000", "ebit": "26339000", "netIncome": "-140875000", "researchAndDevelopment": "0", "effectOfAccountingCharges": "0", "incomeBeforeTax": "-172440000", "minorityInterest": "0", "sellingGeneralAdministrative": "291683000", "otherNonOperatingIncome": "None", "operatingIncome": "87911000", "otherOperatingExpense": "42828000", "interestExpense": "181061000", "taxProvision": "None", "interestIncome": "None", "netInterestIncome": "None", "extraordinaryItems": "0", "nonRecurring": "0", "otherItems": "0", "incomeTaxExpense": "-31565000", "totalOtherIncomeExpense": "-198779000", "discontinuedOperations": "0", "netIncomeFromContinuingOperations": "-140875000", "netIncomeApplicableToCommonShares": "-140875000", "preferredStockAndOtherAdjustments": "None"}, {"fiscalDateEnding": "2016-12-31", "reportedCurrency": "USD", "totalRevenue": "1113997000", "totalOperatingExpense": "2792081000", "costOfRevenue": "693430000", "grossProfit": "2256336000", "ebit": "157685000", "netIncome": "-536587000", "researchAndDevelopment": "0", "effectOfAccountingCharges": "0", "incomeBeforeTax": "-802738000", "minorityInterest": "0", "sellingGeneralAdministrative": "858896000", "otherNonOperatingIncome": "None", "operatingIncome": "227318000", "otherOperatingExpense": "6788000", "interestExpense": "521491000", "taxProvision": "None", "interestIncome": "None", "netInterestIncome": "None", "extraordinaryItems": "0", "nonRecurring": "0", "otherItems": "0", "incomeTaxExpense": "-266151000", "totalOtherIncomeExpense": "-960423000", "discontinuedOperations": "0", "netIncomeFromContinuingOperations": "-536587000", "netIncomeApplicableToCommonShares": "-536587000", "preferredStockAndOtherAdjustments": "None"}, {"fiscalDateEnding": "2016-09-30", "reportedCurrency": "USD", "totalRevenue": "1037507000", "totalOperatingExpense": "0", "costOfRevenue": "0", "grossProfit": "0", "ebit": "0", "netIncome": "0", "researchAndDevelopment": "0", "effectOfAccountingCharges": "0", "incomeBeforeTax": "0", "minorityInterest": "0", "sellingGeneralAdministrative": "0", "otherNonOperatingIncome": "None", "operatingIncome": "0", "otherOperatingExpense": "0", "interestExpense": "0", "taxProvision": "None", "interestIncome": "None", "netInterestIncome": "None", "extraordinaryItems": "0", "nonRecurring": "0", "otherItems": "0", "incomeTaxExpense": "0", "totalOtherIncomeExpense": "0", "discontinuedOperations": "0", "netIncomeFromContinuingOperations": "0", "netIncomeApplicableToCommonShares": "0", "preferredStockAndOtherAdjustments": "None"}, {"fiscalDateEnding": "2016-06-30", "reportedCurrency": "USD", "totalRevenue": "690688000", "totalOperatingExpense": "0", "costOfRevenue": "0", "grossProfit": "0", "ebit": "0", "netIncome": "0", "researchAndDevelopment": "0", "effectOfAccountingCharges": "0", "incomeBeforeTax": "0", "minorityInterest": "0", "sellingGeneralAdministrative": "0", "otherNonOperatingIncome": "None", "operatingIncome": "0", "otherOperatingExpense": "0", "interestExpense": "0", "taxProvision": "None", "interestIncome": "None", "netInterestIncome": "None", "extraordinaryItems": "0", "nonRecurring": "0", "otherItems": "0", "incomeTaxExpense": "0", "totalOtherIncomeExpense": "0", "discontinuedOperations": "0", "netIncomeFromContinuingOperations": "0", "netIncomeApplicableToCommonShares": "0", "preferredStockAndOtherAdjustments": "None"}, {"fiscalDateEnding": "2016-03-31", "reportedCurrency": "USD", "totalRevenue": "170419000", "totalOperatingExpense": "0", "costOfRevenue": "0", "grossProfit": "0", "ebit": "0", "netIncome": "0", "researchAndDevelopment": "0", "effectOfAccountingCharges": "0", "incomeBeforeTax": "0", "minorityInterest": "0", "sellingGeneralAdministrative": "0", "otherNonOperatingIncome": "None", "operatingIncome": "0", "otherOperatingExpense": "0", "interestExpense": "0", "taxProvision": "None", "interestIncome": "None", "netInterestIncome": "None", "extraordinaryItems": "0", "nonRecurring": "0", "otherItems": "0", "incomeTaxExpense": "0", "totalOtherIncomeExpense": "0", "discontinuedOperations": "0", "netIncomeFromContinuingOperations": "0", "netIncomeApplicableToCommonShares": "0", "preferredStockAndOtherAdjustments": "None"}, {"fiscalDateEnding": "2015-12-31", "reportedCurrency": "USD", "totalRevenue": "549276000", "totalOperatingExpense": "545457000", "costOfRevenue": "249112000", "grossProfit": "300164000", "ebit": "3819000", "netIncome": "-72844000", "researchAndDevelopment": "0", "effectOfAccountingCharges": "0", "incomeBeforeTax": "-102184000", "minorityInterest": "0", "sellingGeneralAdministrative": "159111000", "otherNonOperatingIncome": "None", "operatingIncome": "3819000", "otherOperatingExpense": "12036000", "interestExpense": "-74298000", "taxProvision": "None", "interestIncome": "None", "netInterestIncome": "None", "extraordinaryItems": "0", "nonRecurring": "0", "otherItems": "0", "incomeTaxExpense": "-29340000", "totalOtherIncomeExpense": "-106003000", "discontinuedOperations": "0", "netIncomeFromContinuingOperations": "-72844000", "netIncomeApplicableToCommonShares": "-54253000", "preferredStockAndOtherAdjustments": "None"}, {"fiscalDateEnding": "2015-09-30", "reportedCurrency": "USD", "totalRevenue": "0", "totalOperatingExpense": "0", "costOfRevenue": "0", "grossProfit": "0", "ebit": "0", "netIncome": "0", "researchAndDevelopment": "0", "effectOfAccountingCharges": "0", "incomeBeforeTax": "0", "minorityInterest": "0", "sellingGeneralAdministrative": "0", "otherNonOperatingIncome": "None", "operatingIncome": "0", "otherOperatingExpense": "0", "interestExpense": "0", "taxProvision": "None", "interestIncome": "None", "netInterestIncome": "None", "extraordinaryItems": "0", "nonRecurring": "0", "otherItems": "0", "incomeTaxExpense": "0", "totalOtherIncomeExpense": "0", "discontinuedOperations": "0", "netIncomeFromContinuingOperations": "0", "netIncomeApplicableToCommonShares": "0", "preferredStockAndOtherAdjustments": "None"}, {"fiscalDateEnding": "2015-06-30", "reportedCurrency": "USD", "totalRevenue": "0", "totalOperatingExpense": "0", "costOfRevenue": "0", "grossProfit": "0", "ebit": "0", "netIncome": "0", "researchAndDevelopment": "0", "effectOfAccountingCharges": "0", "incomeBeforeTax": "0", "minorityInterest": "0", "sellingGeneralAdministrative": "0", "otherNonOperatingIncome": "None", "operatingIncome": "0", "otherOperatingExpense": "0", "interestExpense": "0", "taxProvision": "None", "interestIncome": "None", "netInterestIncome": "None", "extraordinaryItems": "0", "nonRecurring": "0", "otherItems": "0", "incomeTaxExpense": "0", "totalOtherIncomeExpense": "0", "discontinuedOperations": "0", "netIncomeFromContinuingOperations": "0", "netIncomeApplicableToCommonShares": "0", "preferredStockAndOtherAdjustments": "None"}]}