{"symbol": "ADTN", "annualReports": [{"fiscalDateEnding": "2019-12-31", "reportedCurrency": "USD", "totalRevenue": "530061000", "totalOperatingExpense": "259130000", "costOfRevenue": "310894000", "grossProfit": "219167000", "ebit": "-24266000", "netIncome": "-52982000", "researchAndDevelopment": "126200000", "effectOfAccountingCharges": "None", "incomeBeforeTax": "-24777000", "minorityInterest": "None", "sellingGeneralAdministrative": "130288000", "otherNonOperatingIncome": "15697000", "operatingIncome": "-39963000", "otherOperatingExpense": "-1230000", "interestExpense": "511000", "taxProvision": "28205000", "interestIncome": "2765000", "netInterestIncome": "2254000", "extraordinaryItems": "None", "nonRecurring": "3872000", "otherItems": "None", "incomeTaxExpense": "28205000", "totalOtherIncomeExpense": "10290000", "discontinuedOperations": "None", "netIncomeFromContinuingOperations": "-52982000", "netIncomeApplicableToCommonShares": "-52982000", "preferredStockAndOtherAdjustments": "None"}, {"fiscalDateEnding": "2018-12-31", "reportedCurrency": "USD", "totalRevenue": "529277000", "totalOperatingExpense": "574699000", "costOfRevenue": "325712000", "grossProfit": "203565000", "ebit": "-16947000", "netIncome": "-19342000", "researchAndDevelopment": "124547000", "effectOfAccountingCharges": "None", "incomeBeforeTax": "-33371000", "minorityInterest": "None", "sellingGeneralAdministrative": "124440000", "otherNonOperatingIncome": "12584000", "operatingIncome": "-45422000", "otherOperatingExpense": "None", "interestExpense": "533000", "taxProvision": "-14029000", "interestIncome": "4026000", "netInterestIncome": "3493000", "extraordinaryItems": "4000000", "nonRecurring": "None", "otherItems": "None", "incomeTaxExpense": "-14029000", "totalOtherIncomeExpense": "8558000", "discontinuedOperations": "None", "netIncomeFromContinuingOperations": "-19342000", "netIncomeApplicableToCommonShares": "-19342000", "preferredStockAndOtherAdjustments": "None"}, {"fiscalDateEnding": "2017-12-31", "reportedCurrency": "USD", "totalRevenue": "671585000", "totalOperatingExpense": "265923000", "costOfRevenue": "363240000", "grossProfit": "303660000", "ebit": "40558000", "netIncome": "23840000", "researchAndDevelopment": "130434000", "effectOfAccountingCharges": "None", "incomeBeforeTax": "44687000", "minorityInterest": "None", "sellingGeneralAdministrative": "135489000", "otherNonOperatingIncome": "2821000", "operatingIncome": "37737000", "otherOperatingExpense": "None", "interestExpense": "556000", "taxProvision": "20847000", "interestIncome": "4380000", "netInterestIncome": "3824000", "extraordinaryItems": "-11900000", "nonRecurring": "None", "otherItems": "None", "incomeTaxExpense": "20847000", "totalOtherIncomeExpense": "3126000", "discontinuedOperations": "None", "netIncomeFromContinuingOperations": "23840000", "netIncomeApplicableToCommonShares": "23840000", "preferredStockAndOtherAdjustments": "None"}, {"fiscalDateEnding": "2016-12-31", "reportedCurrency": "USD", "totalRevenue": "636781000", "totalOperatingExpense": "256609000", "costOfRevenue": "345437000", "grossProfit": "291344000", "ebit": "47467000", "netIncome": "35229000", "researchAndDevelopment": "124804000", "effectOfAccountingCharges": "None", "incomeBeforeTax": "46895000", "minorityInterest": "None", "sellingGeneralAdministrative": "131805000", "otherNonOperatingIncome": "12732000", "operatingIncome": "34735000", "otherOperatingExpense": "None", "interestExpense": "572000", "taxProvision": "11666000", "interestIncome": "3918000", "netInterestIncome": "3346000", "extraordinaryItems": "None", "nonRecurring": "None", "otherItems": "None", "incomeTaxExpense": "11666000", "totalOtherIncomeExpense": "8814000", "discontinuedOperations": "None", "netIncomeFromContinuingOperations": "35229000", "netIncomeApplicableToCommonShares": "35229000", "preferredStockAndOtherAdjustments": "None"}, {"fiscalDateEnding": "2015-12-31", "reportedCurrency": "USD", "totalRevenue": "600064000", "totalOperatingExpense": "253418000", "costOfRevenue": "333167000", "grossProfit": "266897000", "ebit": "26304000", "netIncome": "18646000", "researchAndDevelopment": "129876000", "effectOfAccountingCharges": "None", "incomeBeforeTax": "25708000", "minorityInterest": "None", "sellingGeneralAdministrative": "123542000", "otherNonOperatingIncome": "12825000", "operatingIncome": "13479000", "otherOperatingExpense": "None", "interestExpense": "596000", "taxProvision": "7062000", "interestIncome": "13183000", "netInterestIncome": "None", "extraordinaryItems": "None", "nonRecurring": "None", "otherItems": "None", "incomeTaxExpense": "7062000", "totalOtherIncomeExpense": "12229000", "discontinuedOperations": "None", "netIncomeFromContinuingOperations": "18646000", "netIncomeApplicableToCommonShares": "18646000", "preferredStockAndOtherAdjustments": "None"}], "quarterlyReports": [{"fiscalDateEnding": "2020-06-30", "reportedCurrency": "USD", "totalRevenue": "128715000", "totalOperatingExpense": "59511000", "costOfRevenue": "75243000", "grossProfit": "53472000", "ebit": "2387000", "netIncome": "752000", "researchAndDevelopment": "28712000", "effectOfAccountingCharges": "None", "incomeBeforeTax": "2387000", "minorityInterest": "None", "sellingGeneralAdministrative": "30799000", "otherNonOperatingIncome": "8426000", "operatingIncome": "-6039000", "otherOperatingExpense": "None", "interestExpense": "0", "taxProvision": "1635000", "interestIncome": "331000", "netInterestIncome": "331000", "extraordinaryItems": "None", "nonRecurring": "None", "otherItems": "None", "incomeTaxExpense": "1635000", "totalOtherIncomeExpense": "8095000", "discontinuedOperations": "None", "netIncomeFromContinuingOperations": "752000", "netIncomeApplicableToCommonShares": "752000", "preferredStockAndOtherAdjustments": "None"}, {"fiscalDateEnding": "2020-03-31", "reportedCurrency": "USD", "totalRevenue": "114523000", "totalOperatingExpense": "56544000", "costOfRevenue": "62923000", "grossProfit": "51600000", "ebit": "-14336000", "netIncome": "-9969000", "researchAndDevelopment": "29859000", "effectOfAccountingCharges": "None", "incomeBeforeTax": "-14337000", "minorityInterest": "None", "sellingGeneralAdministrative": "26620000", "otherNonOperatingIncome": "-9392000", "operatingIncome": "-4944000", "otherOperatingExpense": "None", "interestExpense": "1000", "taxProvision": "-4368000", "interestIncome": "356000", "netInterestIncome": "355000", "extraordinaryItems": "None", "nonRecurring": "65000", "otherItems": "None", "incomeTaxExpense": "-4368000", "totalOtherIncomeExpense": "-9813000", "discontinuedOperations": "None", "netIncomeFromContinuingOperations": "-9969000", "netIncomeApplicableToCommonShares": "-9969000", "preferredStockAndOtherAdjustments": "None"}, {"fiscalDateEnding": "2019-12-31", "reportedCurrency": "USD", "totalRevenue": "115787000", "totalOperatingExpense": "61279000", "costOfRevenue": "68578000", "grossProfit": "47209000", "ebit": "-10727000", "netIncome": "-11624000", "researchAndDevelopment": "30654000", "effectOfAccountingCharges": "None", "incomeBeforeTax": "-10856000", "minorityInterest": "None", "sellingGeneralAdministrative": "30625000", "otherNonOperatingIncome": "3343000", "operatingIncome": "-14070000", "otherOperatingExpense": "None", "interestExpense": "129000", "taxProvision": "768000", "interestIncome": "872000", "netInterestIncome": "743000", "extraordinaryItems": "None", "nonRecurring": "None", "otherItems": "None", "incomeTaxExpense": "768000", "totalOtherIncomeExpense": "2471000", "discontinuedOperations": "None", "netIncomeFromContinuingOperations": "-11624000", "netIncomeApplicableToCommonShares": "-11624000", "preferredStockAndOtherAdjustments": "None"}, {"fiscalDateEnding": "2019-09-30", "reportedCurrency": "USD", "totalRevenue": "114092000", "totalOperatingExpense": "66619000", "costOfRevenue": "67761000", "grossProfit": "46331000", "ebit": "-18278000", "netIncome": "-46123000", "researchAndDevelopment": "31835000", "effectOfAccountingCharges": "None", "incomeBeforeTax": "-18406000", "minorityInterest": "None", "sellingGeneralAdministrative": "30912000", "otherNonOperatingIncome": "2010000", "operatingIncome": "-20288000", "otherOperatingExpense": "None", "interestExpense": "128000", "taxProvision": "27717000", "interestIncome": "610000", "netInterestIncome": "482000", "extraordinaryItems": "None", "nonRecurring": "3872000", "otherItems": "None", "incomeTaxExpense": "27717000", "totalOtherIncomeExpense": "-2472000", "discontinuedOperations": "None", "netIncomeFromContinuingOperations": "-46123000", "netIncomeApplicableToCommonShares": "-46123000", "preferredStockAndOtherAdjustments": "None"}, {"fiscalDateEnding": "2019-06-30", "reportedCurrency": "USD", "totalRevenue": "156391000", "totalOperatingExpense": "64453000", "costOfRevenue": "91376000", "grossProfit": "65015000", "ebit": "3534000", "netIncome": "3995000", "researchAndDevelopment": "32064000", "effectOfAccountingCharges": "None", "incomeBeforeTax": "3407000", "minorityInterest": "None", "sellingGeneralAdministrative": "33619000", "otherNonOperatingIncome": "2972000", "operatingIncome": "562000", "otherOperatingExpense": "-1230000", "interestExpense": "127000", "taxProvision": "-588000", "interestIncome": "692000", "netInterestIncome": "565000", "extraordinaryItems": "None", "nonRecurring": "None", "otherItems": "None", "incomeTaxExpense": "-588000", "totalOtherIncomeExpense": "3510000", "discontinuedOperations": "None", "netIncomeFromContinuingOperations": "3995000", "netIncomeApplicableToCommonShares": "3995000", "preferredStockAndOtherAdjustments": "None"}, {"fiscalDateEnding": "2019-03-31", "reportedCurrency": "USD", "totalRevenue": "143791000", "totalOperatingExpense": "66779000", "costOfRevenue": "83179000", "grossProfit": "60612000", "ebit": "1205000", "netIncome": "770000", "researchAndDevelopment": "31647000", "effectOfAccountingCharges": "None", "incomeBeforeTax": "1078000", "minorityInterest": "None", "sellingGeneralAdministrative": "35132000", "otherNonOperatingIncome": "7372000", "operatingIncome": "-6167000", "otherOperatingExpense": "None", "interestExpense": "127000", "taxProvision": "308000", "interestIncome": "6390000", "netInterestIncome": "464000", "extraordinaryItems": "None", "nonRecurring": "None", "otherItems": "None", "incomeTaxExpense": "308000", "totalOtherIncomeExpense": "6781000", "discontinuedOperations": "None", "netIncomeFromContinuingOperations": "770000", "netIncomeApplicableToCommonShares": "770000", "preferredStockAndOtherAdjustments": "None"}, {"fiscalDateEnding": "2018-12-31", "reportedCurrency": "USD", "totalRevenue": "140088000", "totalOperatingExpense": "143732000", "costOfRevenue": "84700000", "grossProfit": "55388000", "ebit": "-3644000", "netIncome": "-8447000", "researchAndDevelopment": "31092000", "effectOfAccountingCharges": "0", "incomeBeforeTax": "-10587000", "minorityInterest": "0", "sellingGeneralAdministrative": "27940000", "otherNonOperatingIncome": "-1269000", "operatingIncome": "-3644000", "otherOperatingExpense": "0", "interestExpense": "-135000", "taxProvision": "None", "interestIncome": "None", "netInterestIncome": "None", "extraordinaryItems": "4000000", "nonRecurring": "0", "otherItems": "0", "incomeTaxExpense": "-2140000", "totalOtherIncomeExpense": "-6943000", "discontinuedOperations": "0", "netIncomeFromContinuingOperations": "-8447000", "netIncomeApplicableToCommonShares": "-8447000", "preferredStockAndOtherAdjustments": "None"}, {"fiscalDateEnding": "2018-09-30", "reportedCurrency": "USD", "totalRevenue": "144842000", "totalOperatingExpense": "60627000", "costOfRevenue": "81887000", "grossProfit": "58448000", "ebit": "-1153000", "netIncome": "7589000", "researchAndDevelopment": "29877000", "effectOfAccountingCharges": "0", "incomeBeforeTax": "3220000", "minorityInterest": "0", "sellingGeneralAdministrative": "30750000", "otherNonOperatingIncome": "1026000", "operatingIncome": "-2179000", "otherOperatingExpense": "0", "interestExpense": "134000", "taxProvision": "None", "interestIncome": "None", "netInterestIncome": "None", "extraordinaryItems": "0", "nonRecurring": "0", "otherItems": "0", "incomeTaxExpense": "-4369000", "totalOtherIncomeExpense": "5258000", "discontinuedOperations": "0", "netIncomeFromContinuingOperations": "7589000", "netIncomeApplicableToCommonShares": "7589000", "preferredStockAndOtherAdjustments": "None"}, {"fiscalDateEnding": "2018-06-30", "reportedCurrency": "USD", "totalRevenue": "129038000", "totalOperatingExpense": "62809000", "costOfRevenue": "78052000", "grossProfit": "49996000", "ebit": "-12117000", "netIncome": "-7670000", "researchAndDevelopment": "30729000", "effectOfAccountingCharges": "0", "incomeBeforeTax": "-11259000", "minorityInterest": "0", "sellingGeneralAdministrative": "32080000", "otherNonOperatingIncome": "696000", "operatingIncome": "-12813000", "otherOperatingExpense": "0", "interestExpense": "132000", "taxProvision": "None", "interestIncome": "None", "netInterestIncome": "None", "extraordinaryItems": "0", "nonRecurring": "0", "otherItems": "0", "incomeTaxExpense": "-3589000", "totalOtherIncomeExpense": "1554000", "discontinuedOperations": "0", "netIncomeFromContinuingOperations": "-7670000", "netIncomeApplicableToCommonShares": "-7670000", "preferredStockAndOtherAdjustments": "None"}, {"fiscalDateEnding": "2018-03-31", "reportedCurrency": "USD", "totalRevenue": "120709000", "totalOperatingExpense": "66380000", "costOfRevenue": "81073000", "grossProfit": "39733000", "ebit": "-14516000", "netIncome": "-10814000", "researchAndDevelopment": "32849000", "effectOfAccountingCharges": "0", "incomeBeforeTax": "-14745000", "minorityInterest": "0", "sellingGeneralAdministrative": "33531000", "otherNonOperatingIncome": "12131000", "operatingIncome": "-26647000", "otherOperatingExpense": "0", "interestExpense": "132000", "taxProvision": "None", "interestIncome": "None", "netInterestIncome": "None", "extraordinaryItems": "0", "nonRecurring": "0", "otherItems": "0", "incomeTaxExpense": "-3931000", "totalOtherIncomeExpense": "11902000", "discontinuedOperations": "0", "netIncomeFromContinuingOperations": "-10814000", "netIncomeApplicableToCommonShares": "-10814000", "preferredStockAndOtherAdjustments": "None"}, {"fiscalDateEnding": "2017-12-31", "reportedCurrency": "USD", "totalRevenue": "128652000", "totalOperatingExpense": "62876000", "costOfRevenue": "68021000", "grossProfit": "58815000", "ebit": "-2411000", "netIncome": "-11110000", "researchAndDevelopment": "31489000", "effectOfAccountingCharges": "0", "incomeBeforeTax": "-734000", "minorityInterest": "0", "sellingGeneralAdministrative": "31387000", "otherNonOperatingIncome": "1650000", "operatingIncome": "-4061000", "otherOperatingExpense": "0", "interestExpense": "139000", "taxProvision": "None", "interestIncome": "None", "netInterestIncome": "None", "extraordinaryItems": "0", "nonRecurring": "0", "otherItems": "0", "incomeTaxExpense": "10376000", "totalOtherIncomeExpense": "6950000", "discontinuedOperations": "0", "netIncomeFromContinuingOperations": "-11110000", "netIncomeApplicableToCommonShares": "-11110000", "preferredStockAndOtherAdjustments": "None"}, {"fiscalDateEnding": "2017-09-30", "reportedCurrency": "USD", "totalRevenue": "186121000", "totalOperatingExpense": "68180000", "costOfRevenue": "98614000", "grossProfit": "86498000", "ebit": "18337000", "netIncome": "15898000", "researchAndDevelopment": "33528000", "effectOfAccountingCharges": "0", "incomeBeforeTax": "19207000", "minorityInterest": "0", "sellingGeneralAdministrative": "34652000", "otherNonOperatingIncome": "19000", "operatingIncome": "18318000", "otherOperatingExpense": "0", "interestExpense": "139000", "taxProvision": "None", "interestIncome": "None", "netInterestIncome": "None", "extraordinaryItems": "0", "nonRecurring": "0", "otherItems": "0", "incomeTaxExpense": "3309000", "totalOtherIncomeExpense": "0", "discontinuedOperations": "0", "netIncomeFromContinuingOperations": "15898000", "netIncomeApplicableToCommonShares": "15898000", "preferredStockAndOtherAdjustments": "None"}, {"fiscalDateEnding": "2017-06-30", "reportedCurrency": "USD", "totalRevenue": "186063000", "totalOperatingExpense": "68184000", "costOfRevenue": "100041000", "grossProfit": "84632000", "ebit": "16616000", "netIncome": "12401000", "researchAndDevelopment": "33501000", "effectOfAccountingCharges": "0", "incomeBeforeTax": "17869000", "minorityInterest": "0", "sellingGeneralAdministrative": "34683000", "otherNonOperatingIncome": "168000", "operatingIncome": "16448000", "otherOperatingExpense": "0", "interestExpense": "137000", "taxProvision": "None", "interestIncome": "None", "netInterestIncome": "None", "extraordinaryItems": "0", "nonRecurring": "0", "otherItems": "0", "incomeTaxExpense": "5468000", "totalOtherIncomeExpense": "0", "discontinuedOperations": "0", "netIncomeFromContinuingOperations": "12401000", "netIncomeApplicableToCommonShares": "12401000", "preferredStockAndOtherAdjustments": "None"}, {"fiscalDateEnding": "2017-03-31", "reportedCurrency": "USD", "totalRevenue": "170749000", "totalOperatingExpense": "66683000", "costOfRevenue": "96564000", "grossProfit": "73715000", "ebit": "8016000", "netIncome": "6651000", "researchAndDevelopment": "31916000", "effectOfAccountingCharges": "0", "incomeBeforeTax": "8345000", "minorityInterest": "0", "sellingGeneralAdministrative": "34767000", "otherNonOperatingIncome": "984000", "operatingIncome": "7032000", "otherOperatingExpense": "0", "interestExpense": "141000", "taxProvision": "None", "interestIncome": "None", "netInterestIncome": "None", "extraordinaryItems": "0", "nonRecurring": "0", "otherItems": "0", "incomeTaxExpense": "1694000", "totalOtherIncomeExpense": "0", "discontinuedOperations": "0", "netIncomeFromContinuingOperations": "6651000", "netIncomeApplicableToCommonShares": "6651000", "preferredStockAndOtherAdjustments": "None"}, {"fiscalDateEnding": "2016-12-31", "reportedCurrency": "USD", "totalRevenue": "162986000", "totalOperatingExpense": "66515000", "costOfRevenue": "92199000", "grossProfit": "70787000", "ebit": "6986000", "netIncome": "7572000", "researchAndDevelopment": "32077000", "effectOfAccountingCharges": "0", "incomeBeforeTax": "6844000", "minorityInterest": "0", "sellingGeneralAdministrative": "34438000", "otherNonOperatingIncome": "2714000", "operatingIncome": "4272000", "otherOperatingExpense": "0", "interestExpense": "142000", "taxProvision": "None", "interestIncome": "None", "netInterestIncome": "None", "extraordinaryItems": "0", "nonRecurring": "0", "otherItems": "0", "incomeTaxExpense": "-728000", "totalOtherIncomeExpense": "12160000", "discontinuedOperations": "0", "netIncomeFromContinuingOperations": "7572000", "netIncomeApplicableToCommonShares": "7572000", "preferredStockAndOtherAdjustments": "None"}, {"fiscalDateEnding": "2016-09-30", "reportedCurrency": "USD", "totalRevenue": "168890000", "totalOperatingExpense": "65678000", "costOfRevenue": "88204000", "grossProfit": "75808000", "ebit": "15660000", "netIncome": "12415000", "researchAndDevelopment": "31962000", "effectOfAccountingCharges": "0", "incomeBeforeTax": "15517000", "minorityInterest": "0", "sellingGeneralAdministrative": "33716000", "otherNonOperatingIncome": "5530000", "operatingIncome": "10130000", "otherOperatingExpense": "0", "interestExpense": "143000", "taxProvision": "None", "interestIncome": "None", "netInterestIncome": "None", "extraordinaryItems": "0", "nonRecurring": "0", "otherItems": "0", "incomeTaxExpense": "3102000", "totalOtherIncomeExpense": "0", "discontinuedOperations": "0", "netIncomeFromContinuingOperations": "12415000", "netIncomeApplicableToCommonShares": "12415000", "preferredStockAndOtherAdjustments": "None"}, {"fiscalDateEnding": "2016-06-30", "reportedCurrency": "USD", "totalRevenue": "162701000", "totalOperatingExpense": "64143000", "costOfRevenue": "80404000", "grossProfit": "78955000", "ebit": "16598000", "netIncome": "10228000", "researchAndDevelopment": "31277000", "effectOfAccountingCharges": "0", "incomeBeforeTax": "16456000", "minorityInterest": "0", "sellingGeneralAdministrative": "32866000", "otherNonOperatingIncome": "1786000", "operatingIncome": "14812000", "otherOperatingExpense": "0", "interestExpense": "142000", "taxProvision": "None", "interestIncome": "None", "netInterestIncome": "None", "extraordinaryItems": "0", "nonRecurring": "0", "otherItems": "0", "incomeTaxExpense": "6228000", "totalOtherIncomeExpense": "0", "discontinuedOperations": "0", "netIncomeFromContinuingOperations": "10228000", "netIncomeApplicableToCommonShares": "10228000", "preferredStockAndOtherAdjustments": "None"}, {"fiscalDateEnding": "2016-03-31", "reportedCurrency": "USD", "totalRevenue": "142204000", "totalOperatingExpense": "60273000", "costOfRevenue": "76410000", "grossProfit": "65794000", "ebit": "8223000", "netIncome": "5014000", "researchAndDevelopment": "29488000", "effectOfAccountingCharges": "0", "incomeBeforeTax": "8078000", "minorityInterest": "0", "sellingGeneralAdministrative": "30785000", "otherNonOperatingIncome": "2702000", "operatingIncome": "5521000", "otherOperatingExpense": "0", "interestExpense": "145000", "taxProvision": "None", "interestIncome": "None", "netInterestIncome": "None", "extraordinaryItems": "0", "nonRecurring": "0", "otherItems": "0", "incomeTaxExpense": "3064000", "totalOtherIncomeExpense": "0", "discontinuedOperations": "0", "netIncomeFromContinuingOperations": "5014000", "netIncomeApplicableToCommonShares": "5014000", "preferredStockAndOtherAdjustments": "None"}, {"fiscalDateEnding": "2015-12-31", "reportedCurrency": "USD", "totalRevenue": "139013000", "totalOperatingExpense": "59639000", "costOfRevenue": "76574000", "grossProfit": "62439000", "ebit": "5363000", "netIncome": "5718000", "researchAndDevelopment": "29300000", "effectOfAccountingCharges": "0", "incomeBeforeTax": "5215000", "minorityInterest": "0", "sellingGeneralAdministrative": "30339000", "otherNonOperatingIncome": "2563000", "operatingIncome": "2800000", "otherOperatingExpense": "0", "interestExpense": "148000", "taxProvision": "None", "interestIncome": "None", "netInterestIncome": "None", "extraordinaryItems": "0", "nonRecurring": "0", "otherItems": "0", "incomeTaxExpense": "-503000", "totalOtherIncomeExpense": "12229000", "discontinuedOperations": "0", "netIncomeFromContinuingOperations": "5718000", "netIncomeApplicableToCommonShares": "5718000", "preferredStockAndOtherAdjustments": "None"}, {"fiscalDateEnding": "2015-09-30", "reportedCurrency": "USD", "totalRevenue": "158078000", "totalOperatingExpense": "62577000", "costOfRevenue": "87429000", "grossProfit": "70649000", "ebit": "11023000", "netIncome": "7067000", "researchAndDevelopment": "32561000", "effectOfAccountingCharges": "0", "incomeBeforeTax": "10872000", "minorityInterest": "0", "sellingGeneralAdministrative": "30016000", "otherNonOperatingIncome": "2951000", "operatingIncome": "8072000", "otherOperatingExpense": "0", "interestExpense": "151000", "taxProvision": "None", "interestIncome": "None", "netInterestIncome": "None", "extraordinaryItems": "0", "nonRecurring": "0", "otherItems": "0", "incomeTaxExpense": "3805000", "totalOtherIncomeExpense": "0", "discontinuedOperations": "0", "netIncomeFromContinuingOperations": "7067000", "netIncomeApplicableToCommonShares": "7067000", "preferredStockAndOtherAdjustments": "None"}, {"fiscalDateEnding": "2015-06-30", "reportedCurrency": "USD", "totalRevenue": "160138000", "totalOperatingExpense": "67602000", "costOfRevenue": "91892000", "grossProfit": "68246000", "ebit": "4260000", "netIncome": "2544000", "researchAndDevelopment": "35479000", "effectOfAccountingCharges": "0", "incomeBeforeTax": "4111000", "minorityInterest": "0", "sellingGeneralAdministrative": "32123000", "otherNonOperatingIncome": "3616000", "operatingIncome": "644000", "otherOperatingExpense": "0", "interestExpense": "149000", "taxProvision": "None", "interestIncome": "None", "netInterestIncome": "None", "extraordinaryItems": "0", "nonRecurring": "0", "otherItems": "0", "incomeTaxExpense": "1567000", "totalOtherIncomeExpense": "0", "discontinuedOperations": "0", "netIncomeFromContinuingOperations": "2544000", "netIncomeApplicableToCommonShares": "2544000", "preferredStockAndOtherAdjustments": "None"}]}