{"symbol": "ADVM", "annualReports": [{"fiscalDateEnding": "2019-12-31", "reportedCurrency": "USD", "totalRevenue": "250000", "totalOperatingExpense": "68795000", "costOfRevenue": "40419000", "grossProfit": "250000", "ebit": "-64453000", "netIncome": "-64486000", "researchAndDevelopment": "40419000", "effectOfAccountingCharges": "None", "incomeBeforeTax": "-64486000", "minorityInterest": "None", "sellingGeneralAdministrative": "28376000", "otherNonOperatingIncome": "4092000", "operatingIncome": "-68545000", "otherOperatingExpense": "None", "interestExpense": "None", "taxProvision": "0", "interestIncome": "None", "netInterestIncome": "None", "extraordinaryItems": "None", "nonRecurring": "None", "otherItems": "None", "incomeTaxExpense": "None", "totalOtherIncomeExpense": "4059000", "discontinuedOperations": "None", "netIncomeFromContinuingOperations": "-64486000", "netIncomeApplicableToCommonShares": "-64486000", "preferredStockAndOtherAdjustments": "None"}, {"fiscalDateEnding": "2018-12-31", "reportedCurrency": "USD", "totalRevenue": "1612000", "totalOperatingExpense": "79693000", "costOfRevenue": "50133000", "grossProfit": "1612000", "ebit": "-73709000", "netIncome": "-72627000", "researchAndDevelopment": "50133000", "effectOfAccountingCharges": "None", "incomeBeforeTax": "-73877000", "minorityInterest": "None", "sellingGeneralAdministrative": "24560000", "otherNonOperatingIncome": "4372000", "operatingIncome": "-78081000", "otherOperatingExpense": "None", "interestExpense": "0", "taxProvision": "-1250000", "interestIncome": "None", "netInterestIncome": "None", "extraordinaryItems": "None", "nonRecurring": "5000000", "otherItems": "None", "incomeTaxExpense": "-1250000", "totalOtherIncomeExpense": "-796000", "discontinuedOperations": "None", "netIncomeFromContinuingOperations": "-72627000", "netIncomeApplicableToCommonShares": "-72627000", "preferredStockAndOtherAdjustments": "None"}, {"fiscalDateEnding": "2017-12-31", "reportedCurrency": "USD", "totalRevenue": "1849000", "totalOperatingExpense": "60696000", "costOfRevenue": "39839000", "grossProfit": "1849000", "ebit": "-56329000", "netIncome": "-56147000", "researchAndDevelopment": "39839000", "effectOfAccountingCharges": "None", "incomeBeforeTax": "-56147000", "minorityInterest": "None", "sellingGeneralAdministrative": "20857000", "otherNonOperatingIncome": "2518000", "operatingIncome": "-58847000", "otherOperatingExpense": "None", "interestExpense": "0", "taxProvision": "0", "interestIncome": "None", "netInterestIncome": "None", "extraordinaryItems": "-10163000", "nonRecurring": "None", "otherItems": "None", "incomeTaxExpense": "-10163000", "totalOtherIncomeExpense": "2700000", "discontinuedOperations": "None", "netIncomeFromContinuingOperations": "-56147000", "netIncomeApplicableToCommonShares": "-56147000", "preferredStockAndOtherAdjustments": "None"}, {"fiscalDateEnding": "2016-12-31", "reportedCurrency": "USD", "totalRevenue": "1455000", "totalOperatingExpense": "116739000", "costOfRevenue": "30270000", "grossProfit": "1455000", "ebit": "-114516000", "netIncome": "-113747000", "researchAndDevelopment": "31670000", "effectOfAccountingCharges": "None", "incomeBeforeTax": "-114522000", "minorityInterest": "None", "sellingGeneralAdministrative": "24355000", "otherNonOperatingIncome": "768000", "operatingIncome": "-115284000", "otherOperatingExpense": "None", "interestExpense": "0", "taxProvision": "-775000", "interestIncome": "None", "netInterestIncome": "0", "extraordinaryItems": "None", "nonRecurring": "60714000", "otherItems": "None", "incomeTaxExpense": "-775000", "totalOtherIncomeExpense": "-59952000", "discontinuedOperations": "None", "netIncomeFromContinuingOperations": "-113747000", "netIncomeApplicableToCommonShares": "-113747000", "preferredStockAndOtherAdjustments": "None"}, {"fiscalDateEnding": "2015-12-31", "reportedCurrency": "USD", "totalRevenue": "2319000", "totalOperatingExpense": "50142000", "costOfRevenue": "25462000", "grossProfit": "2319000", "ebit": "-47459000", "netIncome": "-47453000", "researchAndDevelopment": "25462000", "effectOfAccountingCharges": "None", "incomeBeforeTax": "-47459000", "minorityInterest": "None", "sellingGeneralAdministrative": "22107000", "otherNonOperatingIncome": "364000", "operatingIncome": "-47823000", "otherOperatingExpense": "None", "interestExpense": "0", "taxProvision": "None", "interestIncome": "None", "netInterestIncome": "None", "extraordinaryItems": "None", "nonRecurring": "2573000", "otherItems": "None", "incomeTaxExpense": "0", "totalOtherIncomeExpense": "-4603000", "discontinuedOperations": "None", "netIncomeFromContinuingOperations": "-47459000", "netIncomeApplicableToCommonShares": "-47453000", "preferredStockAndOtherAdjustments": "None"}], "quarterlyReports": [{"fiscalDateEnding": "2020-06-30", "reportedCurrency": "USD", "totalRevenue": "0", "totalOperatingExpense": "29775000", "costOfRevenue": "None", "grossProfit": "None", "ebit": "-29006000", "netIncome": "-29200000", "researchAndDevelopment": "19177000", "effectOfAccountingCharges": "None", "incomeBeforeTax": "-29006000", "minorityInterest": "None", "sellingGeneralAdministrative": "10598000", "otherNonOperatingIncome": "769000", "operatingIncome": "-29775000", "otherOperatingExpense": "None", "interestExpense": "None", "taxProvision": "None", "interestIncome": "None", "netInterestIncome": "None", "extraordinaryItems": "None", "nonRecurring": "None", "otherItems": "None", "incomeTaxExpense": "None", "totalOtherIncomeExpense": "575000", "discontinuedOperations": "None", "netIncomeFromContinuingOperations": "-29006000", "netIncomeApplicableToCommonShares": "-29200000", "preferredStockAndOtherAdjustments": "None"}, {"fiscalDateEnding": "2020-03-31", "reportedCurrency": "USD", "totalRevenue": "0", "totalOperatingExpense": "23791000", "costOfRevenue": "None", "grossProfit": "None", "ebit": "-22960000", "netIncome": "-22906000", "researchAndDevelopment": "14751000", "effectOfAccountingCharges": "None", "incomeBeforeTax": "-22960000", "minorityInterest": "None", "sellingGeneralAdministrative": "9040000", "otherNonOperatingIncome": "831000", "operatingIncome": "-23791000", "otherOperatingExpense": "None", "interestExpense": "None", "taxProvision": "None", "interestIncome": "None", "netInterestIncome": "None", "extraordinaryItems": "None", "nonRecurring": "None", "otherItems": "None", "incomeTaxExpense": "None", "totalOtherIncomeExpense": "885000", "discontinuedOperations": "None", "netIncomeFromContinuingOperations": "-22960000", "netIncomeApplicableToCommonShares": "-22906000", "preferredStockAndOtherAdjustments": "None"}, {"fiscalDateEnding": "2019-12-31", "reportedCurrency": "USD", "totalRevenue": "0", "totalOperatingExpense": "19653000", "costOfRevenue": "14203000", "grossProfit": "-14203000", "ebit": "-18919000", "netIncome": "-18925000", "researchAndDevelopment": "11374000", "effectOfAccountingCharges": "None", "incomeBeforeTax": "-18948000", "minorityInterest": "None", "sellingGeneralAdministrative": "8279000", "otherNonOperatingIncome": "734000", "operatingIncome": "-19653000", "otherOperatingExpense": "None", "interestExpense": "None", "taxProvision": "0", "interestIncome": "None", "netInterestIncome": "None", "extraordinaryItems": "None", "nonRecurring": "None", "otherItems": "None", "incomeTaxExpense": "None", "totalOtherIncomeExpense": "728000", "discontinuedOperations": "None", "netIncomeFromContinuingOperations": "-18948000", "netIncomeApplicableToCommonShares": "-18925000", "preferredStockAndOtherAdjustments": "None"}, {"fiscalDateEnding": "2019-09-30", "reportedCurrency": "USD", "totalRevenue": "250000", "totalOperatingExpense": "17333000", "costOfRevenue": "9944000", "grossProfit": "250000", "ebit": "-16114000", "netIncome": "-16118000", "researchAndDevelopment": "9944000", "effectOfAccountingCharges": "None", "incomeBeforeTax": "-16118000", "minorityInterest": "None", "sellingGeneralAdministrative": "7389000", "otherNonOperatingIncome": "969000", "operatingIncome": "-17083000", "otherOperatingExpense": "None", "interestExpense": "None", "taxProvision": "0", "interestIncome": "None", "netInterestIncome": "None", "extraordinaryItems": "None", "nonRecurring": "None", "otherItems": "None", "incomeTaxExpense": "None", "totalOtherIncomeExpense": "965000", "discontinuedOperations": "None", "netIncomeFromContinuingOperations": "-16118000", "netIncomeApplicableToCommonShares": "-16118000", "preferredStockAndOtherAdjustments": "None"}, {"fiscalDateEnding": "2019-06-30", "reportedCurrency": "USD", "totalRevenue": "0", "totalOperatingExpense": "16102000", "costOfRevenue": "8970000", "grossProfit": "-8970000", "ebit": "-14934000", "netIncome": "-14954000", "researchAndDevelopment": "8970000", "effectOfAccountingCharges": "None", "incomeBeforeTax": "-14934000", "minorityInterest": "None", "sellingGeneralAdministrative": "7132000", "otherNonOperatingIncome": "1168000", "operatingIncome": "-16102000", "otherOperatingExpense": "None", "interestExpense": "None", "taxProvision": "None", "interestIncome": "None", "netInterestIncome": "None", "extraordinaryItems": "None", "nonRecurring": "None", "otherItems": "None", "incomeTaxExpense": "None", "totalOtherIncomeExpense": "1148000", "discontinuedOperations": "None", "netIncomeFromContinuingOperations": "-14934000", "netIncomeApplicableToCommonShares": "-14954000", "preferredStockAndOtherAdjustments": "None"}, {"fiscalDateEnding": "2019-03-31", "reportedCurrency": "USD", "totalRevenue": "0", "totalOperatingExpense": "15707000", "costOfRevenue": "10131000", "grossProfit": "-10131000", "ebit": "-14486000", "netIncome": "-14489000", "researchAndDevelopment": "10131000", "effectOfAccountingCharges": "None", "incomeBeforeTax": "-14486000", "minorityInterest": "None", "sellingGeneralAdministrative": "5576000", "otherNonOperatingIncome": "1221000", "operatingIncome": "-15707000", "otherOperatingExpense": "None", "interestExpense": "None", "taxProvision": "None", "interestIncome": "None", "netInterestIncome": "None", "extraordinaryItems": "None", "nonRecurring": "None", "otherItems": "None", "incomeTaxExpense": "None", "totalOtherIncomeExpense": "1218000", "discontinuedOperations": "None", "netIncomeFromContinuingOperations": "-14486000", "netIncomeApplicableToCommonShares": "-14489000", "preferredStockAndOtherAdjustments": "None"}, {"fiscalDateEnding": "2018-12-31", "reportedCurrency": "USD", "totalRevenue": "70000", "totalOperatingExpense": "16829000", "costOfRevenue": "11642000", "grossProfit": "70000", "ebit": "-15620000", "netIncome": "-15659000", "researchAndDevelopment": "11642000", "effectOfAccountingCharges": "0", "incomeBeforeTax": "-15735000", "minorityInterest": "0", "sellingGeneralAdministrative": "5187000", "otherNonOperatingIncome": "1139000", "operatingIncome": "-16759000", "otherOperatingExpense": "0", "interestExpense": "3104000", "taxProvision": "None", "interestIncome": "None", "netInterestIncome": "None", "extraordinaryItems": "0", "nonRecurring": "0", "otherItems": "0", "incomeTaxExpense": "0", "totalOtherIncomeExpense": "300000", "discontinuedOperations": "0", "netIncomeFromContinuingOperations": "-15735000", "netIncomeApplicableToCommonShares": "-15659000", "preferredStockAndOtherAdjustments": "None"}, {"fiscalDateEnding": "2018-09-30", "reportedCurrency": "USD", "totalRevenue": "833000", "totalOperatingExpense": "24306000", "costOfRevenue": "14480000", "grossProfit": "833000", "ebit": "-22155000", "netIncome": "-20958000", "researchAndDevelopment": "14480000", "effectOfAccountingCharges": "0", "incomeBeforeTax": "-22208000", "minorityInterest": "0", "sellingGeneralAdministrative": "4826000", "otherNonOperatingIncome": "1318000", "operatingIncome": "-23473000", "otherOperatingExpense": "0", "interestExpense": "0", "taxProvision": "None", "interestIncome": "None", "netInterestIncome": "None", "extraordinaryItems": "0", "nonRecurring": "5000000", "otherItems": "0", "incomeTaxExpense": "-1250000", "totalOtherIncomeExpense": "-3735000", "discontinuedOperations": "0", "netIncomeFromContinuingOperations": "-20958000", "netIncomeApplicableToCommonShares": "-20958000", "preferredStockAndOtherAdjustments": "None"}, {"fiscalDateEnding": "2018-06-30", "reportedCurrency": "USD", "totalRevenue": "493000", "totalOperatingExpense": "20396000", "costOfRevenue": "11217000", "grossProfit": "493000", "ebit": "-18751000", "netIncome": "-18810000", "researchAndDevelopment": "11217000", "effectOfAccountingCharges": "0", "incomeBeforeTax": "-18751000", "minorityInterest": "0", "sellingGeneralAdministrative": "9179000", "otherNonOperatingIncome": "1152000", "operatingIncome": "-19903000", "otherOperatingExpense": "0", "interestExpense": "0", "taxProvision": "None", "interestIncome": "None", "netInterestIncome": "None", "extraordinaryItems": "0", "nonRecurring": "0", "otherItems": "0", "incomeTaxExpense": "0", "totalOtherIncomeExpense": "-3307000", "discontinuedOperations": "0", "netIncomeFromContinuingOperations": "-18751000", "netIncomeApplicableToCommonShares": "-18810000", "preferredStockAndOtherAdjustments": "None"}, {"fiscalDateEnding": "2018-03-31", "reportedCurrency": "USD", "totalRevenue": "216000", "totalOperatingExpense": "18162000", "costOfRevenue": "12794000", "grossProfit": "216000", "ebit": "-17183000", "netIncome": "-17200000", "researchAndDevelopment": "12794000", "effectOfAccountingCharges": "0", "incomeBeforeTax": "-17183000", "minorityInterest": "0", "sellingGeneralAdministrative": "5368000", "otherNonOperatingIncome": "763000", "operatingIncome": "-17946000", "otherOperatingExpense": "0", "interestExpense": "-3104000", "taxProvision": "None", "interestIncome": "None", "netInterestIncome": "None", "extraordinaryItems": "0", "nonRecurring": "0", "otherItems": "0", "incomeTaxExpense": "0", "totalOtherIncomeExpense": "746000", "discontinuedOperations": "0", "netIncomeFromContinuingOperations": "-17183000", "netIncomeApplicableToCommonShares": "-17200000", "preferredStockAndOtherAdjustments": "None"}, {"fiscalDateEnding": "2017-12-31", "reportedCurrency": "USD", "totalRevenue": "461000", "totalOperatingExpense": "16056000", "costOfRevenue": "15552000", "grossProfit": "461000", "ebit": "-14869000", "netIncome": "-14789000", "researchAndDevelopment": "12014000", "effectOfAccountingCharges": "0", "incomeBeforeTax": "-14687000", "minorityInterest": "0", "sellingGeneralAdministrative": "4042000", "otherNonOperatingIncome": "726000", "operatingIncome": "-15595000", "otherOperatingExpense": "0", "interestExpense": "0", "taxProvision": "None", "interestIncome": "None", "netInterestIncome": "None", "extraordinaryItems": "0", "nonRecurring": "0", "otherItems": "0", "incomeTaxExpense": "0", "totalOtherIncomeExpense": "958000", "discontinuedOperations": "0", "netIncomeFromContinuingOperations": "-14687000", "netIncomeApplicableToCommonShares": "-14789000", "preferredStockAndOtherAdjustments": "None"}, {"fiscalDateEnding": "2017-09-30", "reportedCurrency": "USD", "totalRevenue": "463000", "totalOperatingExpense": "15034000", "costOfRevenue": "14498000", "grossProfit": "463000", "ebit": "-13794000", "netIncome": "-13829000", "researchAndDevelopment": "10272000", "effectOfAccountingCharges": "0", "incomeBeforeTax": "-13794000", "minorityInterest": "0", "sellingGeneralAdministrative": "4762000", "otherNonOperatingIncome": "777000", "operatingIncome": "-14571000", "otherOperatingExpense": "0", "interestExpense": "0", "taxProvision": "None", "interestIncome": "None", "netInterestIncome": "None", "extraordinaryItems": "0", "nonRecurring": "0", "otherItems": "0", "incomeTaxExpense": "0", "totalOtherIncomeExpense": "79000", "discontinuedOperations": "0", "netIncomeFromContinuingOperations": "-13794000", "netIncomeApplicableToCommonShares": "-13829000", "preferredStockAndOtherAdjustments": "None"}, {"fiscalDateEnding": "2017-06-30", "reportedCurrency": "USD", "totalRevenue": "463000", "totalOperatingExpense": "12556000", "costOfRevenue": "12316000", "grossProfit": "463000", "ebit": "-11479000", "netIncome": "-11430000", "researchAndDevelopment": "8492000", "effectOfAccountingCharges": "0", "incomeBeforeTax": "-11479000", "minorityInterest": "0", "sellingGeneralAdministrative": "4064000", "otherNonOperatingIncome": "614000", "operatingIncome": "-12093000", "otherOperatingExpense": "0", "interestExpense": "0", "taxProvision": "None", "interestIncome": "None", "netInterestIncome": "None", "extraordinaryItems": "0", "nonRecurring": "0", "otherItems": "0", "incomeTaxExpense": "0", "totalOtherIncomeExpense": "174000", "discontinuedOperations": "0", "netIncomeFromContinuingOperations": "-11479000", "netIncomeApplicableToCommonShares": "-11430000", "preferredStockAndOtherAdjustments": "None"}, {"fiscalDateEnding": "2017-03-31", "reportedCurrency": "USD", "totalRevenue": "462000", "totalOperatingExpense": "17050000", "costOfRevenue": "13234000", "grossProfit": "462000", "ebit": "-16187000", "netIncome": "-16099000", "researchAndDevelopment": "9061000", "effectOfAccountingCharges": "0", "incomeBeforeTax": "-16187000", "minorityInterest": "0", "sellingGeneralAdministrative": "7989000", "otherNonOperatingIncome": "401000", "operatingIncome": "-16588000", "otherOperatingExpense": "0", "interestExpense": "0", "taxProvision": "None", "interestIncome": "None", "netInterestIncome": "None", "extraordinaryItems": "0", "nonRecurring": "0", "otherItems": "0", "incomeTaxExpense": "0", "totalOtherIncomeExpense": "489000", "discontinuedOperations": "0", "netIncomeFromContinuingOperations": "-16187000", "netIncomeApplicableToCommonShares": "-16099000", "preferredStockAndOtherAdjustments": "None"}, {"fiscalDateEnding": "2016-12-31", "reportedCurrency": "USD", "totalRevenue": "488000", "totalOperatingExpense": "23875000", "costOfRevenue": "12188000", "grossProfit": "488000", "ebit": "-23163000", "netIncome": "-22394000", "researchAndDevelopment": "7898000", "effectOfAccountingCharges": "0", "incomeBeforeTax": "-23169000", "minorityInterest": "0", "sellingGeneralAdministrative": "4777000", "otherNonOperatingIncome": "224000", "operatingIncome": "-23387000", "otherOperatingExpense": "0", "interestExpense": "0", "taxProvision": "None", "interestIncome": "None", "netInterestIncome": "None", "extraordinaryItems": "0", "nonRecurring": "11200000", "otherItems": "0", "incomeTaxExpense": "-775000", "totalOtherIncomeExpense": "-65558000", "discontinuedOperations": "0", "netIncomeFromContinuingOperations": "-22394000", "netIncomeApplicableToCommonShares": "-22394000", "preferredStockAndOtherAdjustments": "None"}, {"fiscalDateEnding": "2016-09-30", "reportedCurrency": "USD", "totalRevenue": "395000", "totalOperatingExpense": "14902000", "costOfRevenue": "14055000", "grossProfit": "395000", "ebit": "-14307000", "netIncome": "-14301000", "researchAndDevelopment": "8362000", "effectOfAccountingCharges": "0", "incomeBeforeTax": "-14307000", "minorityInterest": "0", "sellingGeneralAdministrative": "6146000", "otherNonOperatingIncome": "200000", "operatingIncome": "-14507000", "otherOperatingExpense": "0", "interestExpense": "0", "taxProvision": "None", "interestIncome": "None", "netInterestIncome": "None", "extraordinaryItems": "0", "nonRecurring": "394000", "otherItems": "0", "incomeTaxExpense": "0", "totalOtherIncomeExpense": "-16000", "discontinuedOperations": "0", "netIncomeFromContinuingOperations": "-14307000", "netIncomeApplicableToCommonShares": "-14301000", "preferredStockAndOtherAdjustments": "None"}, {"fiscalDateEnding": "2016-06-30", "reportedCurrency": "USD", "totalRevenue": "307000", "totalOperatingExpense": "62189000", "costOfRevenue": "11226000", "grossProfit": "307000", "ebit": "-61660000", "netIncome": "-61660000", "researchAndDevelopment": "7955000", "effectOfAccountingCharges": "0", "incomeBeforeTax": "-61660000", "minorityInterest": "0", "sellingGeneralAdministrative": "5114000", "otherNonOperatingIncome": "222000", "operatingIncome": "-61882000", "otherOperatingExpense": "0", "interestExpense": "0", "taxProvision": "None", "interestIncome": "None", "netInterestIncome": "None", "extraordinaryItems": "0", "nonRecurring": "49120000", "otherItems": "0", "incomeTaxExpense": "0", "totalOtherIncomeExpense": "106000", "discontinuedOperations": "0", "netIncomeFromContinuingOperations": "-61660000", "netIncomeApplicableToCommonShares": "-61660000", "preferredStockAndOtherAdjustments": "None"}, {"fiscalDateEnding": "2016-03-31", "reportedCurrency": "USD", "totalRevenue": "265000", "totalOperatingExpense": "15773000", "costOfRevenue": "13553000", "grossProfit": "265000", "ebit": "-15386000", "netIncome": "-15392000", "researchAndDevelopment": "7455000", "effectOfAccountingCharges": "0", "incomeBeforeTax": "-15386000", "minorityInterest": "0", "sellingGeneralAdministrative": "8318000", "otherNonOperatingIncome": "122000", "operatingIncome": "-15508000", "otherOperatingExpense": "0", "interestExpense": "0", "taxProvision": "None", "interestIncome": "None", "netInterestIncome": "None", "extraordinaryItems": "0", "nonRecurring": "0", "otherItems": "0", "incomeTaxExpense": "0", "totalOtherIncomeExpense": "116000", "discontinuedOperations": "0", "netIncomeFromContinuingOperations": "-15386000", "netIncomeApplicableToCommonShares": "-15392000", "preferredStockAndOtherAdjustments": "None"}, {"fiscalDateEnding": "2015-12-31", "reportedCurrency": "USD", "totalRevenue": "960000", "totalOperatingExpense": "15139000", "costOfRevenue": "12260000", "grossProfit": "960000", "ebit": "-14112000", "netIncome": "-14094000", "researchAndDevelopment": "7192000", "effectOfAccountingCharges": "0", "incomeBeforeTax": "-14112000", "minorityInterest": "0", "sellingGeneralAdministrative": "5374000", "otherNonOperatingIncome": "67000", "operatingIncome": "-14179000", "otherOperatingExpense": "0", "interestExpense": "0", "taxProvision": "None", "interestIncome": "None", "netInterestIncome": "None", "extraordinaryItems": "0", "nonRecurring": "2573000", "otherItems": "0", "incomeTaxExpense": "0", "totalOtherIncomeExpense": "-4552000", "discontinuedOperations": "0", "netIncomeFromContinuingOperations": "-14112000", "netIncomeApplicableToCommonShares": "-14094000", "preferredStockAndOtherAdjustments": "None"}, {"fiscalDateEnding": "2015-09-30", "reportedCurrency": "USD", "totalRevenue": "953000", "totalOperatingExpense": "15154000", "costOfRevenue": "14913000", "grossProfit": "953000", "ebit": "-14082000", "netIncome": "-14084000", "researchAndDevelopment": "7523000", "effectOfAccountingCharges": "0", "incomeBeforeTax": "-14082000", "minorityInterest": "0", "sellingGeneralAdministrative": "7631000", "otherNonOperatingIncome": "119000", "operatingIncome": "-14201000", "otherOperatingExpense": "0", "interestExpense": "0", "taxProvision": "None", "interestIncome": "None", "netInterestIncome": "None", "extraordinaryItems": "0", "nonRecurring": "0", "otherItems": "0", "incomeTaxExpense": "0", "totalOtherIncomeExpense": "-167000", "discontinuedOperations": "0", "netIncomeFromContinuingOperations": "-14082000", "netIncomeApplicableToCommonShares": "-14084000", "preferredStockAndOtherAdjustments": "None"}, {"fiscalDateEnding": "2015-06-30", "reportedCurrency": "USD", "totalRevenue": "203000", "totalOperatingExpense": "10085000", "costOfRevenue": "9938000", "grossProfit": "203000", "ebit": "-9721000", "netIncome": "-9766000", "researchAndDevelopment": "5126000", "effectOfAccountingCharges": "0", "incomeBeforeTax": "-9721000", "minorityInterest": "0", "sellingGeneralAdministrative": "4959000", "otherNonOperatingIncome": "161000", "operatingIncome": "-9882000", "otherOperatingExpense": "0", "interestExpense": "0", "taxProvision": "None", "interestIncome": "None", "netInterestIncome": "None", "extraordinaryItems": "0", "nonRecurring": "0", "otherItems": "0", "incomeTaxExpense": "0", "totalOtherIncomeExpense": "64000", "discontinuedOperations": "0", "netIncomeFromContinuingOperations": "-9721000", "netIncomeApplicableToCommonShares": "-9766000", "preferredStockAndOtherAdjustments": "None"}]}