{"symbol": "AEE", "annualReports": [{"fiscalDateEnding": "2019-12-31", "reportedCurrency": "USD", "totalRevenue": "5910000000", "totalOperatingExpense": "4643000000", "costOfRevenue": "3167000000", "grossProfit": "2743000000", "ebit": "1397000000", "netIncome": "839000000", "researchAndDevelopment": "None", "effectOfAccountingCharges": "None", "incomeBeforeTax": "1016000000", "minorityInterest": "-6000000", "sellingGeneralAdministrative": "481000000", "otherNonOperatingIncome": "130000000", "operatingIncome": "1267000000", "otherOperatingExpense": "-1748000000", "interestExpense": "381000000", "taxProvision": "182000000", "interestIncome": "33000000", "netInterestIncome": "-348000000", "extraordinaryItems": "None", "nonRecurring": "None", "otherItems": "None", "incomeTaxExpense": "183000000", "totalOtherIncomeExpense": "97000000", "discontinuedOperations": "None", "netIncomeFromContinuingOperations": "833000000", "netIncomeApplicableToCommonShares": "828000000", "preferredStockAndOtherAdjustments": "None"}, {"fiscalDateEnding": "2018-12-31", "reportedCurrency": "USD", "totalRevenue": "6291000000", "totalOperatingExpense": "4934000000", "costOfRevenue": "3496000000", "grossProfit": "2795000000", "ebit": "1459000000", "netIncome": "817000000", "researchAndDevelopment": "0", "effectOfAccountingCharges": "None", "incomeBeforeTax": "1058000000", "minorityInterest": "-6000000", "sellingGeneralAdministrative": "483000000", "otherNonOperatingIncome": "102000000", "operatingIncome": "1357000000", "otherOperatingExpense": "-1840000000", "interestExpense": "401000000", "taxProvision": "237000000", "interestIncome": "33000000", "netInterestIncome": "-368000000", "extraordinaryItems": "None", "nonRecurring": "None", "otherItems": "None", "incomeTaxExpense": "247000000", "totalOtherIncomeExpense": "69000000", "discontinuedOperations": "None", "netIncomeFromContinuingOperations": "811000000", "netIncomeApplicableToCommonShares": "815000000", "preferredStockAndOtherAdjustments": "None"}, {"fiscalDateEnding": "2017-12-31", "reportedCurrency": "USD", "totalRevenue": "6177000000", "totalOperatingExpense": "4719000000", "costOfRevenue": "3346000000", "grossProfit": "6177000000", "ebit": "1496000000", "netIncome": "523000000", "researchAndDevelopment": "0", "effectOfAccountingCharges": "None", "incomeBeforeTax": "1105000000", "minorityInterest": "6000000", "sellingGeneralAdministrative": "477000000", "otherNonOperatingIncome": "38000000", "operatingIncome": "1458000000", "otherOperatingExpense": "4242000000", "interestExpense": "391000000", "taxProvision": "576000000", "interestIncome": "34000000", "netInterestIncome": "-357000000", "extraordinaryItems": "-154000000", "nonRecurring": "None", "otherItems": "None", "incomeTaxExpense": "576000000", "totalOtherIncomeExpense": "4000000", "discontinuedOperations": "None", "netIncomeFromContinuingOperations": "529000000", "netIncomeApplicableToCommonShares": "523000000", "preferredStockAndOtherAdjustments": "None"}, {"fiscalDateEnding": "2016-12-31", "reportedCurrency": "USD", "totalRevenue": "6076000000", "totalOperatingExpense": "4695000000", "costOfRevenue": "3383000000", "grossProfit": "6076000000", "ebit": "1423000000", "netIncome": "653000000", "researchAndDevelopment": "0", "effectOfAccountingCharges": "None", "incomeBeforeTax": "1041000000", "minorityInterest": "6000000", "sellingGeneralAdministrative": "467000000", "otherNonOperatingIncome": "42000000", "operatingIncome": "1381000000", "otherOperatingExpense": "4228000000", "interestExpense": "382000000", "taxProvision": "382000000", "interestIncome": "40000000", "netInterestIncome": "-342000000", "extraordinaryItems": "None", "nonRecurring": "None", "otherItems": "None", "incomeTaxExpense": "-382000000", "totalOtherIncomeExpense": "2000000", "discontinuedOperations": "None", "netIncomeFromContinuingOperations": "659000000", "netIncomeApplicableToCommonShares": "653000000", "preferredStockAndOtherAdjustments": "None"}, {"fiscalDateEnding": "2015-12-31", "reportedCurrency": "USD", "totalRevenue": "6098000000", "totalOperatingExpense": "4839000000", "costOfRevenue": "929000000", "grossProfit": "6098000000", "ebit": "1303000000", "netIncome": "630000000", "researchAndDevelopment": "0", "effectOfAccountingCharges": "None", "incomeBeforeTax": "948000000", "minorityInterest": "6000000", "sellingGeneralAdministrative": "473000000", "otherNonOperatingIncome": "44000000", "operatingIncome": "1259000000", "otherOperatingExpense": "4297000000", "interestExpense": "355000000", "taxProvision": "363000000", "interestIncome": "-314000000", "netInterestIncome": "None", "extraordinaryItems": "51000000", "nonRecurring": "69000000", "otherItems": "None", "incomeTaxExpense": "-363000000", "totalOtherIncomeExpense": "-380000000", "discontinuedOperations": "51000000", "netIncomeFromContinuingOperations": "585000000", "netIncomeApplicableToCommonShares": "630000000", "preferredStockAndOtherAdjustments": "None"}], "quarterlyReports": [{"fiscalDateEnding": "2020-06-30", "reportedCurrency": "USD", "totalRevenue": "1398000000", "totalOperatingExpense": "1044000000", "costOfRevenue": "654000000", "grossProfit": "744000000", "ebit": "402000000", "netIncome": "242000000", "researchAndDevelopment": "None", "effectOfAccountingCharges": "None", "incomeBeforeTax": "294000000", "minorityInterest": "1000000", "sellingGeneralAdministrative": "119000000", "otherNonOperatingIncome": "48000000", "operatingIncome": "354000000", "otherOperatingExpense": "-473000000", "interestExpense": "108000000", "taxProvision": "50000000", "interestIncome": "7000000", "netInterestIncome": "-101000000", "extraordinaryItems": "None", "nonRecurring": "None", "otherItems": "None", "incomeTaxExpense": "51000000", "totalOtherIncomeExpense": "41000000", "discontinuedOperations": "None", "netIncomeFromContinuingOperations": "243000000", "netIncomeApplicableToCommonShares": "243000000", "preferredStockAndOtherAdjustments": "None"}, {"fiscalDateEnding": "2020-03-31", "reportedCurrency": "USD", "totalRevenue": "1440000000", "totalOperatingExpense": "1199000000", "costOfRevenue": "819000000", "grossProfit": "621000000", "ebit": "262000000", "netIncome": "145000000", "researchAndDevelopment": "None", "effectOfAccountingCharges": "None", "incomeBeforeTax": "169000000", "minorityInterest": "2000000", "sellingGeneralAdministrative": "125000000", "otherNonOperatingIncome": "21000000", "operatingIncome": "241000000", "otherOperatingExpense": "-366000000", "interestExpense": "93000000", "taxProvision": "21000000", "interestIncome": "7000000", "netInterestIncome": "-86000000", "extraordinaryItems": "None", "nonRecurring": "None", "otherItems": "None", "incomeTaxExpense": "22000000", "totalOtherIncomeExpense": "14000000", "discontinuedOperations": "None", "netIncomeFromContinuingOperations": "147000000", "netIncomeApplicableToCommonShares": "146000000", "preferredStockAndOtherAdjustments": "None"}, {"fiscalDateEnding": "2019-12-31", "reportedCurrency": "USD", "totalRevenue": "1316000000", "totalOperatingExpense": "1137000000", "costOfRevenue": "781000000", "grossProfit": "535000000", "ebit": "210000000", "netIncome": "-49000000", "researchAndDevelopment": "None", "effectOfAccountingCharges": "None", "incomeBeforeTax": "119000000", "minorityInterest": "-11000000", "sellingGeneralAdministrative": "106000000", "otherNonOperatingIncome": "31000000", "operatingIncome": "179000000", "otherOperatingExpense": "-285000000", "interestExpense": "91000000", "taxProvision": "24000000", "interestIncome": "8000000", "netInterestIncome": "-83000000", "extraordinaryItems": "None", "nonRecurring": "None", "otherItems": "None", "incomeTaxExpense": "179000000", "totalOtherIncomeExpense": "23000000", "discontinuedOperations": "None", "netIncomeFromContinuingOperations": "-60000000", "netIncomeApplicableToCommonShares": "94000000", "preferredStockAndOtherAdjustments": "None"}, {"fiscalDateEnding": "2019-09-30", "reportedCurrency": "USD", "totalRevenue": "1659000000", "totalOperatingExpense": "1139000000", "costOfRevenue": "760000000", "grossProfit": "899000000", "ebit": "554000000", "netIncome": "454000000", "researchAndDevelopment": "None", "effectOfAccountingCharges": "None", "incomeBeforeTax": "458000000", "minorityInterest": "2000000", "sellingGeneralAdministrative": "131000000", "otherNonOperatingIncome": "34000000", "operatingIncome": "520000000", "otherOperatingExpense": "-651000000", "interestExpense": "96000000", "taxProvision": "92000000", "interestIncome": "8000000", "netInterestIncome": "-88000000", "extraordinaryItems": "None", "nonRecurring": "None", "otherItems": "None", "incomeTaxExpense": "2000000", "totalOtherIncomeExpense": "26000000", "discontinuedOperations": "None", "netIncomeFromContinuingOperations": "456000000", "netIncomeApplicableToCommonShares": "364000000", "preferredStockAndOtherAdjustments": "None"}, {"fiscalDateEnding": "2019-06-30", "reportedCurrency": "USD", "totalRevenue": "1379000000", "totalOperatingExpense": "1099000000", "costOfRevenue": "732000000", "grossProfit": "647000000", "ebit": "316000000", "netIncome": "217000000", "researchAndDevelopment": "None", "effectOfAccountingCharges": "None", "incomeBeforeTax": "219000000", "minorityInterest": "1000000", "sellingGeneralAdministrative": "118000000", "otherNonOperatingIncome": "36000000", "operatingIncome": "280000000", "otherOperatingExpense": "-398000000", "interestExpense": "97000000", "taxProvision": "39000000", "interestIncome": "9000000", "netInterestIncome": "-88000000", "extraordinaryItems": "None", "nonRecurring": "None", "otherItems": "None", "incomeTaxExpense": "1000000", "totalOtherIncomeExpense": "27000000", "discontinuedOperations": "None", "netIncomeFromContinuingOperations": "218000000", "netIncomeApplicableToCommonShares": "179000000", "preferredStockAndOtherAdjustments": "None"}, {"fiscalDateEnding": "2019-03-31", "reportedCurrency": "USD", "totalRevenue": "1556000000", "totalOperatingExpense": "1268000000", "costOfRevenue": "317000000", "grossProfit": "662000000", "ebit": "317000000", "netIncome": "217000000", "researchAndDevelopment": "None", "effectOfAccountingCharges": "None", "incomeBeforeTax": "220000000", "minorityInterest": "2000000", "sellingGeneralAdministrative": "126000000", "otherNonOperatingIncome": "29000000", "operatingIncome": "288000000", "otherOperatingExpense": "-414000000", "interestExpense": "97000000", "taxProvision": "27000000", "interestIncome": "-87000000", "netInterestIncome": "-89000000", "extraordinaryItems": "None", "nonRecurring": "None", "otherItems": "None", "incomeTaxExpense": "1000000", "totalOtherIncomeExpense": "21000000", "discontinuedOperations": "None", "netIncomeFromContinuingOperations": "219000000", "netIncomeApplicableToCommonShares": "191000000", "preferredStockAndOtherAdjustments": "None"}, {"fiscalDateEnding": "2018-12-31", "reportedCurrency": "USD", "totalRevenue": "1359000000", "totalOperatingExpense": "1253000000", "costOfRevenue": "842000000", "grossProfit": "517000000", "ebit": "184000000", "netIncome": "-105000000", "researchAndDevelopment": "0", "effectOfAccountingCharges": "0", "incomeBeforeTax": "85000000", "minorityInterest": "-11000000", "sellingGeneralAdministrative": "109000000", "otherNonOperatingIncome": "18000000", "operatingIncome": "166000000", "otherOperatingExpense": "-1860000000", "interestExpense": "99000000", "taxProvision": "None", "interestIncome": "None", "netInterestIncome": "None", "extraordinaryItems": "0", "nonRecurring": "0", "otherItems": "0", "incomeTaxExpense": "201000000", "totalOtherIncomeExpense": "-99000000", "discontinuedOperations": "0", "netIncomeFromContinuingOperations": "-116000000", "netIncomeApplicableToCommonShares": "68000000", "preferredStockAndOtherAdjustments": "None"}, {"fiscalDateEnding": "2018-09-30", "reportedCurrency": "USD", "totalRevenue": "1646000000", "totalOperatingExpense": "1191000000", "costOfRevenue": "745000000", "grossProfit": "901000000", "ebit": "565000000", "netIncome": "462000000", "researchAndDevelopment": "0", "effectOfAccountingCharges": "0", "incomeBeforeTax": "464000000", "minorityInterest": "2000000", "sellingGeneralAdministrative": "127000000", "otherNonOperatingIncome": "32000000", "operatingIncome": "533000000", "otherOperatingExpense": "-660000000", "interestExpense": "101000000", "taxProvision": "None", "interestIncome": "None", "netInterestIncome": "None", "extraordinaryItems": "0", "nonRecurring": "0", "otherItems": "0", "incomeTaxExpense": "105000000", "totalOtherIncomeExpense": "-86000000", "discontinuedOperations": "0", "netIncomeFromContinuingOperations": "464000000", "netIncomeApplicableToCommonShares": "357000000", "preferredStockAndOtherAdjustments": "None"}, {"fiscalDateEnding": "2018-06-30", "reportedCurrency": "USD", "totalRevenue": "1489000000", "totalOperatingExpense": "1178000000", "costOfRevenue": "744000000", "grossProfit": "745000000", "ebit": "414000000", "netIncome": "310000000", "researchAndDevelopment": "0", "effectOfAccountingCharges": "0", "incomeBeforeTax": "314000000", "minorityInterest": "1000000", "sellingGeneralAdministrative": "122000000", "otherNonOperatingIncome": "29000000", "operatingIncome": "385000000", "otherOperatingExpense": "-507000000", "interestExpense": "100000000", "taxProvision": "None", "interestIncome": "None", "netInterestIncome": "None", "extraordinaryItems": "0", "nonRecurring": "0", "otherItems": "0", "incomeTaxExpense": "3000000", "totalOtherIncomeExpense": "-90000000", "discontinuedOperations": "0", "netIncomeFromContinuingOperations": "311000000", "netIncomeApplicableToCommonShares": "239000000", "preferredStockAndOtherAdjustments": "None"}, {"fiscalDateEnding": "2018-03-31", "reportedCurrency": "USD", "totalRevenue": "1585000000", "totalOperatingExpense": "1312000000", "costOfRevenue": "884000000", "grossProfit": "1585000000", "ebit": "296000000", "netIncome": "150000000", "researchAndDevelopment": "0", "effectOfAccountingCharges": "0", "incomeBeforeTax": "195000000", "minorityInterest": "2000000", "sellingGeneralAdministrative": "125000000", "otherNonOperatingIncome": "23000000", "operatingIncome": "273000000", "otherOperatingExpense": "1187000000", "interestExpense": "101000000", "taxProvision": "None", "interestIncome": "None", "netInterestIncome": "None", "extraordinaryItems": "0", "nonRecurring": "0", "otherItems": "0", "incomeTaxExpense": "43000000", "totalOtherIncomeExpense": "-94000000", "discontinuedOperations": "0", "netIncomeFromContinuingOperations": "152000000", "netIncomeApplicableToCommonShares": "151000000", "preferredStockAndOtherAdjustments": "None"}, {"fiscalDateEnding": "2017-12-31", "reportedCurrency": "USD", "totalRevenue": "1402000000", "totalOperatingExpense": "1177000000", "costOfRevenue": "949000000", "grossProfit": "1402000000", "ebit": "237000000", "netIncome": "-60000000", "researchAndDevelopment": "0", "effectOfAccountingCharges": "0", "incomeBeforeTax": "141000000", "minorityInterest": "1000000", "sellingGeneralAdministrative": "113000000", "otherNonOperatingIncome": "12000000", "operatingIncome": "225000000", "otherOperatingExpense": "1064000000", "interestExpense": "96000000", "taxProvision": "None", "interestIncome": "None", "netInterestIncome": "None", "extraordinaryItems": "0", "nonRecurring": "0", "otherItems": "0", "incomeTaxExpense": "200000000", "totalOtherIncomeExpense": "-349000000", "discontinuedOperations": "0", "netIncomeFromContinuingOperations": "-59000000", "netIncomeApplicableToCommonShares": "-60000000", "preferredStockAndOtherAdjustments": "None"}, {"fiscalDateEnding": "2017-09-30", "reportedCurrency": "USD", "totalRevenue": "1723000000", "totalOperatingExpense": "1142000000", "costOfRevenue": "929000000", "grossProfit": "1723000000", "ebit": "592000000", "netIncome": "288000000", "researchAndDevelopment": "0", "effectOfAccountingCharges": "0", "incomeBeforeTax": "495000000", "minorityInterest": "2000000", "sellingGeneralAdministrative": "129000000", "otherNonOperatingIncome": "11000000", "operatingIncome": "581000000", "otherOperatingExpense": "1013000000", "interestExpense": "97000000", "taxProvision": "None", "interestIncome": "None", "netInterestIncome": "None", "extraordinaryItems": "0", "nonRecurring": "0", "otherItems": "0", "incomeTaxExpense": "205000000", "totalOtherIncomeExpense": "0", "discontinuedOperations": "0", "netIncomeFromContinuingOperations": "290000000", "netIncomeApplicableToCommonShares": "288000000", "preferredStockAndOtherAdjustments": "None"}, {"fiscalDateEnding": "2017-06-30", "reportedCurrency": "USD", "totalRevenue": "1538000000", "totalOperatingExpense": "1140000000", "costOfRevenue": "928000000", "grossProfit": "1538000000", "ebit": "407000000", "netIncome": "193000000", "researchAndDevelopment": "0", "effectOfAccountingCharges": "0", "incomeBeforeTax": "308000000", "minorityInterest": "1000000", "sellingGeneralAdministrative": "117000000", "otherNonOperatingIncome": "9000000", "operatingIncome": "398000000", "otherOperatingExpense": "1023000000", "interestExpense": "99000000", "taxProvision": "None", "interestIncome": "None", "netInterestIncome": "None", "extraordinaryItems": "0", "nonRecurring": "0", "otherItems": "0", "incomeTaxExpense": "114000000", "totalOtherIncomeExpense": "0", "discontinuedOperations": "0", "netIncomeFromContinuingOperations": "194000000", "netIncomeApplicableToCommonShares": "193000000", "preferredStockAndOtherAdjustments": "None"}, {"fiscalDateEnding": "2017-03-31", "reportedCurrency": "USD", "totalRevenue": "1514000000", "totalOperatingExpense": "1260000000", "costOfRevenue": "1052000000", "grossProfit": "1514000000", "ebit": "260000000", "netIncome": "102000000", "researchAndDevelopment": "0", "effectOfAccountingCharges": "0", "incomeBeforeTax": "161000000", "minorityInterest": "2000000", "sellingGeneralAdministrative": "118000000", "otherNonOperatingIncome": "6000000", "operatingIncome": "254000000", "otherOperatingExpense": "1142000000", "interestExpense": "99000000", "taxProvision": "None", "interestIncome": "None", "netInterestIncome": "None", "extraordinaryItems": "0", "nonRecurring": "0", "otherItems": "0", "incomeTaxExpense": "57000000", "totalOtherIncomeExpense": "0", "discontinuedOperations": "0", "netIncomeFromContinuingOperations": "104000000", "netIncomeApplicableToCommonShares": "102000000", "preferredStockAndOtherAdjustments": "None"}, {"fiscalDateEnding": "2016-12-31", "reportedCurrency": "USD", "totalRevenue": "1356000000", "totalOperatingExpense": "1211000000", "costOfRevenue": "994000000", "grossProfit": "1356000000", "ebit": "154000000", "netIncome": "32000000", "researchAndDevelopment": "0", "effectOfAccountingCharges": "0", "incomeBeforeTax": "59000000", "minorityInterest": "1000000", "sellingGeneralAdministrative": "109000000", "otherNonOperatingIncome": "9000000", "operatingIncome": "145000000", "otherOperatingExpense": "1102000000", "interestExpense": "95000000", "taxProvision": "None", "interestIncome": "None", "netInterestIncome": "None", "extraordinaryItems": "0", "nonRecurring": "0", "otherItems": "0", "incomeTaxExpense": "-738000000", "totalOtherIncomeExpense": "-337000000", "discontinuedOperations": "0", "netIncomeFromContinuingOperations": "33000000", "netIncomeApplicableToCommonShares": "32000000", "preferredStockAndOtherAdjustments": "None"}, {"fiscalDateEnding": "2016-09-30", "reportedCurrency": "USD", "totalRevenue": "1859000000", "totalOperatingExpense": "1168000000", "costOfRevenue": "957000000", "grossProfit": "1859000000", "ebit": "701000000", "netIncome": "369000000", "researchAndDevelopment": "0", "effectOfAccountingCharges": "0", "incomeBeforeTax": "604000000", "minorityInterest": "2000000", "sellingGeneralAdministrative": "129000000", "otherNonOperatingIncome": "10000000", "operatingIncome": "691000000", "otherOperatingExpense": "1039000000", "interestExpense": "97000000", "taxProvision": "None", "interestIncome": "None", "netInterestIncome": "None", "extraordinaryItems": "0", "nonRecurring": "0", "otherItems": "0", "incomeTaxExpense": "233000000", "totalOtherIncomeExpense": "0", "discontinuedOperations": "0", "netIncomeFromContinuingOperations": "371000000", "netIncomeApplicableToCommonShares": "369000000", "preferredStockAndOtherAdjustments": "None"}, {"fiscalDateEnding": "2016-06-30", "reportedCurrency": "USD", "totalRevenue": "1427000000", "totalOperatingExpense": "1102000000", "costOfRevenue": "892000000", "grossProfit": "1427000000", "ebit": "335000000", "netIncome": "147000000", "researchAndDevelopment": "0", "effectOfAccountingCharges": "0", "incomeBeforeTax": "240000000", "minorityInterest": "1000000", "sellingGeneralAdministrative": "115000000", "otherNonOperatingIncome": "10000000", "operatingIncome": "325000000", "otherOperatingExpense": "987000000", "interestExpense": "95000000", "taxProvision": "None", "interestIncome": "None", "netInterestIncome": "None", "extraordinaryItems": "0", "nonRecurring": "0", "otherItems": "0", "incomeTaxExpense": "92000000", "totalOtherIncomeExpense": "0", "discontinuedOperations": "0", "netIncomeFromContinuingOperations": "148000000", "netIncomeApplicableToCommonShares": "147000000", "preferredStockAndOtherAdjustments": "None"}, {"fiscalDateEnding": "2016-03-31", "reportedCurrency": "USD", "totalRevenue": "1434000000", "totalOperatingExpense": "1214000000", "costOfRevenue": "1007000000", "grossProfit": "1434000000", "ebit": "233000000", "netIncome": "105000000", "researchAndDevelopment": "0", "effectOfAccountingCharges": "0", "incomeBeforeTax": "138000000", "minorityInterest": "2000000", "sellingGeneralAdministrative": "114000000", "otherNonOperatingIncome": "13000000", "operatingIncome": "220000000", "otherOperatingExpense": "1100000000", "interestExpense": "95000000", "taxProvision": "None", "interestIncome": "None", "netInterestIncome": "None", "extraordinaryItems": "0", "nonRecurring": "0", "otherItems": "0", "incomeTaxExpense": "31000000", "totalOtherIncomeExpense": "0", "discontinuedOperations": "0", "netIncomeFromContinuingOperations": "107000000", "netIncomeApplicableToCommonShares": "105000000", "preferredStockAndOtherAdjustments": "None"}, {"fiscalDateEnding": "2015-12-31", "reportedCurrency": "USD", "totalRevenue": "1308000000", "totalOperatingExpense": "1168000000", "costOfRevenue": "966000000", "grossProfit": "1308000000", "ebit": "152000000", "netIncome": "29000000", "researchAndDevelopment": "0", "effectOfAccountingCharges": "0", "incomeBeforeTax": "61000000", "minorityInterest": "1000000", "sellingGeneralAdministrative": "104000000", "otherNonOperatingIncome": "12000000", "operatingIncome": "140000000", "otherOperatingExpense": "1064000000", "interestExpense": "91000000", "taxProvision": "None", "interestIncome": "None", "netInterestIncome": "None", "extraordinaryItems": "0", "nonRecurring": "0", "otherItems": "0", "incomeTaxExpense": "-696000000", "totalOtherIncomeExpense": "-380000000", "discontinuedOperations": "-1000000", "netIncomeFromContinuingOperations": "31000000", "netIncomeApplicableToCommonShares": "29000000", "preferredStockAndOtherAdjustments": "None"}, {"fiscalDateEnding": "2015-09-30", "reportedCurrency": "USD", "totalRevenue": "1833000000", "totalOperatingExpense": "1207000000", "costOfRevenue": "1006000000", "grossProfit": "1833000000", "ebit": "640000000", "netIncome": "343000000", "researchAndDevelopment": "0", "effectOfAccountingCharges": "0", "incomeBeforeTax": "553000000", "minorityInterest": "2000000", "sellingGeneralAdministrative": "128000000", "otherNonOperatingIncome": "14000000", "operatingIncome": "626000000", "otherOperatingExpense": "1079000000", "interestExpense": "87000000", "taxProvision": "None", "interestIncome": "None", "netInterestIncome": "None", "extraordinaryItems": "0", "nonRecurring": "0", "otherItems": "0", "incomeTaxExpense": "208000000", "totalOtherIncomeExpense": "0", "discontinuedOperations": "0", "netIncomeFromContinuingOperations": "345000000", "netIncomeApplicableToCommonShares": "343000000", "preferredStockAndOtherAdjustments": "None"}, {"fiscalDateEnding": "2015-06-30", "reportedCurrency": "USD", "totalRevenue": "1401000000", "totalOperatingExpense": "1164000000", "costOfRevenue": "895000000", "grossProfit": "1401000000", "ebit": "247000000", "netIncome": "150000000", "researchAndDevelopment": "0", "effectOfAccountingCharges": "0", "incomeBeforeTax": "158000000", "minorityInterest": "1000000", "sellingGeneralAdministrative": "116000000", "otherNonOperatingIncome": "10000000", "operatingIncome": "237000000", "otherOperatingExpense": "979000000", "interestExpense": "89000000", "taxProvision": "None", "interestIncome": "None", "netInterestIncome": "None", "extraordinaryItems": "0", "nonRecurring": "69000000", "otherItems": "0", "incomeTaxExpense": "59000000", "totalOtherIncomeExpense": "0", "discontinuedOperations": "52000000", "netIncomeFromContinuingOperations": "99000000", "netIncomeApplicableToCommonShares": "150000000", "preferredStockAndOtherAdjustments": "None"}]}