{"symbol": "AEHR", "annualReports": [{"fiscalDateEnding": "2020-05-31", "reportedCurrency": "USD", "totalRevenue": "22291000", "totalOperatingExpense": "24836000", "costOfRevenue": "13920000", "grossProfit": "8371000", "ebit": "-2545000", "netIncome": "-2802000", "researchAndDevelopment": "3386000", "effectOfAccountingCharges": "None", "incomeBeforeTax": "-2766000", "minorityInterest": "-21000", "sellingGeneralAdministrative": "7530000", "otherNonOperatingIncome": "None", "operatingIncome": "-2545000", "otherOperatingExpense": "None", "interestExpense": "None", "taxProvision": "36000", "interestIncome": "None", "netInterestIncome": "10000", "extraordinaryItems": "None", "nonRecurring": "None", "otherItems": "None", "incomeTaxExpense": "36000", "totalOtherIncomeExpense": "-231000", "discontinuedOperations": "None", "netIncomeFromContinuingOperations": "-2802000", "netIncomeApplicableToCommonShares": "-2802000", "preferredStockAndOtherAdjustments": "None"}, {"fiscalDateEnding": "2019-05-31", "reportedCurrency": "USD", "totalRevenue": "21056000", "totalOperatingExpense": "-12602000", "costOfRevenue": "13454000", "grossProfit": "7602000", "ebit": "-4956000", "netIncome": "-5235000", "researchAndDevelopment": "-4153000", "effectOfAccountingCharges": "None", "incomeBeforeTax": "-5208000", "minorityInterest": "-19000", "sellingGeneralAdministrative": "-7724000", "otherNonOperatingIncome": "44000", "operatingIncome": "-5000000", "otherOperatingExpense": "None", "interestExpense": "252000", "taxProvision": "27000", "interestIncome": "-252000", "netInterestIncome": "-252000", "extraordinaryItems": "None", "nonRecurring": "-725000", "otherItems": "None", "incomeTaxExpense": "-27000", "totalOtherIncomeExpense": "-681000", "discontinuedOperations": "None", "netIncomeFromContinuingOperations": "-5181000", "netIncomeApplicableToCommonShares": "-5235000", "preferredStockAndOtherAdjustments": "None"}, {"fiscalDateEnding": "2018-05-31", "reportedCurrency": "USD", "totalRevenue": "29555000", "totalOperatingExpense": "-11471000", "costOfRevenue": "17169000", "grossProfit": "12386000", "ebit": "854000", "netIncome": "528000", "researchAndDevelopment": "-4181000", "effectOfAccountingCharges": "None", "incomeBeforeTax": "455000", "minorityInterest": "-20000", "sellingGeneralAdministrative": "-7290000", "otherNonOperatingIncome": "-61000", "operatingIncome": "915000", "otherOperatingExpense": "None", "interestExpense": "399000", "taxProvision": "-73000", "interestIncome": "-399000", "netInterestIncome": "-399000", "extraordinaryItems": "None", "nonRecurring": "None", "otherItems": "None", "incomeTaxExpense": "73000", "totalOtherIncomeExpense": "-61000", "discontinuedOperations": "None", "netIncomeFromContinuingOperations": "382000", "netIncomeApplicableToCommonShares": "528000", "preferredStockAndOtherAdjustments": "None"}, {"fiscalDateEnding": "2017-05-31", "reportedCurrency": "USD", "totalRevenue": "18898000", "totalOperatingExpense": "-11709000", "costOfRevenue": "-12118000", "grossProfit": "6780000", "ebit": "-4950000", "netIncome": "-5653000", "researchAndDevelopment": "-4657000", "effectOfAccountingCharges": "None", "incomeBeforeTax": "-5628000", "minorityInterest": "-19000", "sellingGeneralAdministrative": "-7052000", "otherNonOperatingIncome": "-21000", "operatingIncome": "-4929000", "otherOperatingExpense": "None", "interestExpense": "678000", "taxProvision": "25000", "interestIncome": "-678000", "netInterestIncome": "-678000", "extraordinaryItems": "None", "nonRecurring": "None", "otherItems": "None", "incomeTaxExpense": "-25000", "totalOtherIncomeExpense": "-21000", "discontinuedOperations": "None", "netIncomeFromContinuingOperations": "-5603000", "netIncomeApplicableToCommonShares": "-5653000", "preferredStockAndOtherAdjustments": "None"}, {"fiscalDateEnding": "2016-05-31", "reportedCurrency": "USD", "totalRevenue": "14501000", "totalOperatingExpense": "-11299000", "costOfRevenue": "-9356000", "grossProfit": "5145000", "ebit": "-6170000", "netIncome": "-6785000", "researchAndDevelopment": "-4324000", "effectOfAccountingCharges": "None", "incomeBeforeTax": "-6775000", "minorityInterest": "-20000", "sellingGeneralAdministrative": "-6975000", "otherNonOperatingIncome": "-16000", "operatingIncome": "-6154000", "otherOperatingExpense": "None", "interestExpense": "605000", "taxProvision": "10000", "interestIncome": "-605000", "netInterestIncome": "-605000", "extraordinaryItems": "None", "nonRecurring": "None", "otherItems": "None", "incomeTaxExpense": "-10000", "totalOtherIncomeExpense": "-16000", "discontinuedOperations": "None", "netIncomeFromContinuingOperations": "-6765000", "netIncomeApplicableToCommonShares": "-6785000", "preferredStockAndOtherAdjustments": "None"}], "quarterlyReports": [{"fiscalDateEnding": "2020-05-31", "reportedCurrency": "USD", "totalRevenue": "3773000", "totalOperatingExpense": "6394000", "costOfRevenue": "3866000", "grossProfit": "-93000", "ebit": "-2621000", "netIncome": "-2885000", "researchAndDevelopment": "854000", "effectOfAccountingCharges": "None", "incomeBeforeTax": "-2875000", "minorityInterest": "-21000", "sellingGeneralAdministrative": "1674000", "otherNonOperatingIncome": "None", "operatingIncome": "-2621000", "otherOperatingExpense": "None", "interestExpense": "None", "taxProvision": "10000", "interestIncome": "None", "netInterestIncome": "-17000", "extraordinaryItems": "None", "nonRecurring": "None", "otherItems": "None", "incomeTaxExpense": "10000", "totalOtherIncomeExpense": "-237000", "discontinuedOperations": "None", "netIncomeFromContinuingOperations": "-2885000", "netIncomeApplicableToCommonShares": "-2885000", "preferredStockAndOtherAdjustments": "None"}, {"fiscalDateEnding": "2020-02-29", "reportedCurrency": "USD", "totalRevenue": "6111000", "totalOperatingExpense": "2736000", "costOfRevenue": "3120000", "grossProfit": "2991000", "ebit": "246000", "netIncome": "245000", "researchAndDevelopment": "845000", "effectOfAccountingCharges": "None", "incomeBeforeTax": "259000", "minorityInterest": "-20000", "sellingGeneralAdministrative": "1891000", "otherNonOperatingIncome": "-9000", "operatingIncome": "255000", "otherOperatingExpense": "None", "interestExpense": "-13000", "taxProvision": "14000", "interestIncome": "13000", "netInterestIncome": "13000", "extraordinaryItems": "None", "nonRecurring": "None", "otherItems": "None", "incomeTaxExpense": "-14000", "totalOtherIncomeExpense": "-9000", "discontinuedOperations": "None", "netIncomeFromContinuingOperations": "273000", "netIncomeApplicableToCommonShares": "245000", "preferredStockAndOtherAdjustments": "None"}, {"fiscalDateEnding": "2019-11-30", "reportedCurrency": "USD", "totalRevenue": "6874000", "totalOperatingExpense": "2952000", "costOfRevenue": "3672000", "grossProfit": "3202000", "ebit": "255000", "netIncome": "251000", "researchAndDevelopment": "795000", "effectOfAccountingCharges": "None", "incomeBeforeTax": "257000", "minorityInterest": "-20000", "sellingGeneralAdministrative": "2157000", "otherNonOperatingIncome": "5000", "operatingIncome": "250000", "otherOperatingExpense": "None", "interestExpense": "-2000", "taxProvision": "6000", "interestIncome": "2000", "netInterestIncome": "2000", "extraordinaryItems": "None", "nonRecurring": "None", "otherItems": "None", "incomeTaxExpense": "-6000", "totalOtherIncomeExpense": "5000", "discontinuedOperations": "None", "netIncomeFromContinuingOperations": "263000", "netIncomeApplicableToCommonShares": "251000", "preferredStockAndOtherAdjustments": "None"}, {"fiscalDateEnding": "2019-08-31", "reportedCurrency": "USD", "totalRevenue": "5533000", "totalOperatingExpense": "2700000", "costOfRevenue": "3262000", "grossProfit": "2271000", "ebit": "-419000", "netIncome": "-413000", "researchAndDevelopment": "892000", "effectOfAccountingCharges": "None", "incomeBeforeTax": "-407000", "minorityInterest": "-20000", "sellingGeneralAdministrative": "1808000", "otherNonOperatingIncome": "10000", "operatingIncome": "-429000", "otherOperatingExpense": "None", "interestExpense": "-12000", "taxProvision": "6000", "interestIncome": "12000", "netInterestIncome": "12000", "extraordinaryItems": "None", "nonRecurring": "None", "otherItems": "None", "incomeTaxExpense": "-6000", "totalOtherIncomeExpense": "10000", "discontinuedOperations": "None", "netIncomeFromContinuingOperations": "-401000", "netIncomeApplicableToCommonShares": "-413000", "preferredStockAndOtherAdjustments": "None"}, {"fiscalDateEnding": "2019-05-31", "reportedCurrency": "USD", "totalRevenue": "7242000", "totalOperatingExpense": "-21948000", "costOfRevenue": "3863000", "grossProfit": "3379000", "ebit": "140000", "netIncome": "110000", "researchAndDevelopment": "-7186000", "effectOfAccountingCharges": "None", "incomeBeforeTax": "116000", "minorityInterest": "-19000", "sellingGeneralAdministrative": "-13430000", "otherNonOperatingIncome": "17000", "operatingIncome": "123000", "otherOperatingExpense": "None", "interestExpense": "24000", "taxProvision": "6000", "interestIncome": "-24000", "netInterestIncome": "-24000", "extraordinaryItems": "None", "nonRecurring": "-1332000", "otherItems": "None", "incomeTaxExpense": "-6000", "totalOtherIncomeExpense": "-101000", "discontinuedOperations": "None", "netIncomeFromContinuingOperations": "122000", "netIncomeApplicableToCommonShares": "110000", "preferredStockAndOtherAdjustments": "None"}, {"fiscalDateEnding": "2019-02-28", "reportedCurrency": "USD", "totalRevenue": "3163000", "totalOperatingExpense": "3388000", "costOfRevenue": "2891000", "grossProfit": "272000", "ebit": "-3127000", "netIncome": "-3201000", "researchAndDevelopment": "931000", "effectOfAccountingCharges": "None", "incomeBeforeTax": "-3203000", "minorityInterest": "-19000", "sellingGeneralAdministrative": "1850000", "otherNonOperatingIncome": "-11000", "operatingIncome": "-3116000", "otherOperatingExpense": "None", "interestExpense": "76000", "taxProvision": "-2000", "interestIncome": "None", "netInterestIncome": "-76000", "extraordinaryItems": "None", "nonRecurring": "607000", "otherItems": "None", "incomeTaxExpense": "2000", "totalOtherIncomeExpense": "-618000", "discontinuedOperations": "None", "netIncomeFromContinuingOperations": "-3205000", "netIncomeApplicableToCommonShares": "-3201000", "preferredStockAndOtherAdjustments": "None"}, {"fiscalDateEnding": "2018-11-30", "reportedCurrency": "USD", "totalRevenue": "5911000", "totalOperatingExpense": "2963000", "costOfRevenue": "3513000", "grossProfit": "2398000", "ebit": "-536000", "netIncome": "-629000", "researchAndDevelopment": "986000", "effectOfAccountingCharges": "None", "incomeBeforeTax": "-610000", "minorityInterest": "-18000", "sellingGeneralAdministrative": "1977000", "otherNonOperatingIncome": "29000", "operatingIncome": "-565000", "otherOperatingExpense": "None", "interestExpense": "74000", "taxProvision": "None", "interestIncome": "None", "netInterestIncome": "None", "extraordinaryItems": "None", "nonRecurring": "None", "otherItems": "None", "incomeTaxExpense": "-19000", "totalOtherIncomeExpense": "-45000", "discontinuedOperations": "None", "netIncomeFromContinuingOperations": "-591000", "netIncomeApplicableToCommonShares": "-629000", "preferredStockAndOtherAdjustments": "None"}, {"fiscalDateEnding": "2018-08-31", "reportedCurrency": "USD", "totalRevenue": "4740000", "totalOperatingExpense": "2995000", "costOfRevenue": "3187000", "grossProfit": "1553000", "ebit": "-1433000", "netIncome": "-1515000", "researchAndDevelopment": "1116000", "effectOfAccountingCharges": "None", "incomeBeforeTax": "-1511000", "minorityInterest": "-19000", "sellingGeneralAdministrative": "1879000", "otherNonOperatingIncome": "9000", "operatingIncome": "-1442000", "otherOperatingExpense": "None", "interestExpense": "78000", "taxProvision": "None", "interestIncome": "None", "netInterestIncome": "None", "extraordinaryItems": "None", "nonRecurring": "None", "otherItems": "None", "incomeTaxExpense": "-4000", "totalOtherIncomeExpense": "-69000", "discontinuedOperations": "None", "netIncomeFromContinuingOperations": "-1507000", "netIncomeApplicableToCommonShares": "-1515000", "preferredStockAndOtherAdjustments": "None"}, {"fiscalDateEnding": "2018-05-31", "reportedCurrency": "USD", "totalRevenue": "7269000", "totalOperatingExpense": "-20030000", "costOfRevenue": "4108000", "grossProfit": "3161000", "ebit": "288000", "netIncome": "191000", "researchAndDevelopment": "-7266000", "effectOfAccountingCharges": "0", "incomeBeforeTax": "199000", "minorityInterest": "-20000", "sellingGeneralAdministrative": "-12764000", "otherNonOperatingIncome": "39000", "operatingIncome": "249000", "otherOperatingExpense": "0", "interestExpense": "89000", "taxProvision": "None", "interestIncome": "None", "netInterestIncome": "None", "extraordinaryItems": "0", "nonRecurring": "0", "otherItems": "0", "incomeTaxExpense": "-8000", "totalOtherIncomeExpense": "-50000", "discontinuedOperations": "0", "netIncomeFromContinuingOperations": "207000", "netIncomeApplicableToCommonShares": "191000", "preferredStockAndOtherAdjustments": "None"}, {"fiscalDateEnding": "2018-02-28", "reportedCurrency": "USD", "totalRevenue": "7393000", "totalOperatingExpense": "2869000", "costOfRevenue": "4217000", "grossProfit": "3176000", "ebit": "274000", "netIncome": "267000", "researchAndDevelopment": "1040000", "effectOfAccountingCharges": "0", "incomeBeforeTax": "176000", "minorityInterest": "-20000", "sellingGeneralAdministrative": "1829000", "otherNonOperatingIncome": "-33000", "operatingIncome": "307000", "otherOperatingExpense": "0", "interestExpense": "98000", "taxProvision": "None", "interestIncome": "None", "netInterestIncome": "None", "extraordinaryItems": "0", "nonRecurring": "0", "otherItems": "0", "incomeTaxExpense": "91000", "totalOtherIncomeExpense": "-131000", "discontinuedOperations": "0", "netIncomeFromContinuingOperations": "85000", "netIncomeApplicableToCommonShares": "267000", "preferredStockAndOtherAdjustments": "None"}, {"fiscalDateEnding": "2017-11-30", "reportedCurrency": "USD", "totalRevenue": "7923000", "totalOperatingExpense": "2944000", "costOfRevenue": "4792000", "grossProfit": "3131000", "ebit": "180000", "netIncome": "60000", "researchAndDevelopment": "1090000", "effectOfAccountingCharges": "0", "incomeBeforeTax": "75000", "minorityInterest": "19000", "sellingGeneralAdministrative": "1854000", "otherNonOperatingIncome": "-7000", "operatingIncome": "187000", "otherOperatingExpense": "0", "interestExpense": "105000", "taxProvision": "None", "interestIncome": "None", "netInterestIncome": "None", "extraordinaryItems": "0", "nonRecurring": "0", "otherItems": "0", "incomeTaxExpense": "-15000", "totalOtherIncomeExpense": "0", "discontinuedOperations": "0", "netIncomeFromContinuingOperations": "90000", "netIncomeApplicableToCommonShares": "60000", "preferredStockAndOtherAdjustments": "None"}, {"fiscalDateEnding": "2017-08-31", "reportedCurrency": "USD", "totalRevenue": "6970000", "totalOperatingExpense": "2746000", "costOfRevenue": "4052000", "grossProfit": "2918000", "ebit": "112000", "netIncome": "10000", "researchAndDevelopment": "955000", "effectOfAccountingCharges": "0", "incomeBeforeTax": "5000", "minorityInterest": "-19000", "sellingGeneralAdministrative": "1791000", "otherNonOperatingIncome": "-60000", "operatingIncome": "172000", "otherOperatingExpense": "0", "interestExpense": "107000", "taxProvision": "None", "interestIncome": "None", "netInterestIncome": "None", "extraordinaryItems": "0", "nonRecurring": "0", "otherItems": "0", "incomeTaxExpense": "5000", "totalOtherIncomeExpense": "0", "discontinuedOperations": "0", "netIncomeFromContinuingOperations": "10000", "netIncomeApplicableToCommonShares": "10000", "preferredStockAndOtherAdjustments": "None"}, {"fiscalDateEnding": "2017-05-31", "reportedCurrency": "USD", "totalRevenue": "6683000", "totalOperatingExpense": "-3214000", "costOfRevenue": "-4075000", "grossProfit": "2608000", "ebit": "-665000", "netIncome": "-795000", "researchAndDevelopment": "-1309000", "effectOfAccountingCharges": "0", "incomeBeforeTax": "-806000", "minorityInterest": "0", "sellingGeneralAdministrative": "-1905000", "otherNonOperatingIncome": "-59000", "operatingIncome": "-606000", "otherOperatingExpense": "0", "interestExpense": "141000", "taxProvision": "None", "interestIncome": "None", "netInterestIncome": "None", "extraordinaryItems": "0", "nonRecurring": "0", "otherItems": "0", "incomeTaxExpense": "11000", "totalOtherIncomeExpense": "-699000", "discontinuedOperations": "0", "netIncomeFromContinuingOperations": "-817000", "netIncomeApplicableToCommonShares": "-795000", "preferredStockAndOtherAdjustments": "None"}, {"fiscalDateEnding": "2017-02-28", "reportedCurrency": "USD", "totalRevenue": "2681000", "totalOperatingExpense": "-2972000", "costOfRevenue": "-2178000", "grossProfit": "503000", "ebit": "-2471000", "netIncome": "-2651000", "researchAndDevelopment": "-1248000", "effectOfAccountingCharges": "0", "incomeBeforeTax": "-2649000", "minorityInterest": "-19000", "sellingGeneralAdministrative": "-1724000", "otherNonOperatingIncome": "-2000", "operatingIncome": "-2469000", "otherOperatingExpense": "0", "interestExpense": "178000", "taxProvision": "None", "interestIncome": "None", "netInterestIncome": "None", "extraordinaryItems": "0", "nonRecurring": "0", "otherItems": "0", "incomeTaxExpense": "-2000", "totalOtherIncomeExpense": "0", "discontinuedOperations": "0", "netIncomeFromContinuingOperations": "-2647000", "netIncomeApplicableToCommonShares": "-2651000", "preferredStockAndOtherAdjustments": "None"}, {"fiscalDateEnding": "2016-11-30", "reportedCurrency": "USD", "totalRevenue": "4216000", "totalOperatingExpense": "-2747000", "costOfRevenue": "-2753000", "grossProfit": "1463000", "ebit": "-1241000", "netIncome": "-1452000", "researchAndDevelopment": "-1040000", "effectOfAccountingCharges": "0", "incomeBeforeTax": "-1422000", "minorityInterest": "0", "sellingGeneralAdministrative": "-1707000", "otherNonOperatingIncome": "43000", "operatingIncome": "-1284000", "otherOperatingExpense": "0", "interestExpense": "181000", "taxProvision": "None", "interestIncome": "None", "netInterestIncome": "None", "extraordinaryItems": "0", "nonRecurring": "0", "otherItems": "0", "incomeTaxExpense": "-30000", "totalOtherIncomeExpense": "0", "discontinuedOperations": "0", "netIncomeFromContinuingOperations": "-1392000", "netIncomeApplicableToCommonShares": "-1452000", "preferredStockAndOtherAdjustments": "None"}, {"fiscalDateEnding": "2016-08-31", "reportedCurrency": "USD", "totalRevenue": "5318000", "totalOperatingExpense": "-2776000", "costOfRevenue": "-3112000", "grossProfit": "2206000", "ebit": "-573000", "netIncome": "-755000", "researchAndDevelopment": "-1060000", "effectOfAccountingCharges": "0", "incomeBeforeTax": "-751000", "minorityInterest": "0", "sellingGeneralAdministrative": "-1716000", "otherNonOperatingIncome": "-3000", "operatingIncome": "-570000", "otherOperatingExpense": "0", "interestExpense": "178000", "taxProvision": "None", "interestIncome": "None", "netInterestIncome": "None", "extraordinaryItems": "0", "nonRecurring": "0", "otherItems": "0", "incomeTaxExpense": "-4000", "totalOtherIncomeExpense": "0", "discontinuedOperations": "0", "netIncomeFromContinuingOperations": "-747000", "netIncomeApplicableToCommonShares": "-755000", "preferredStockAndOtherAdjustments": "None"}, {"fiscalDateEnding": "2016-05-31", "reportedCurrency": "USD", "totalRevenue": "1571000", "totalOperatingExpense": "-2768000", "costOfRevenue": "-1669000", "grossProfit": "-98000", "ebit": "-2889000", "netIncome": "-3056000", "researchAndDevelopment": "-1046000", "effectOfAccountingCharges": "0", "incomeBeforeTax": "-3057000", "minorityInterest": "-20000", "sellingGeneralAdministrative": "-1722000", "otherNonOperatingIncome": "-23000", "operatingIncome": "-2866000", "otherOperatingExpense": "0", "interestExpense": "168000", "taxProvision": "None", "interestIncome": "None", "netInterestIncome": "None", "extraordinaryItems": "0", "nonRecurring": "0", "otherItems": "0", "incomeTaxExpense": "1000", "totalOtherIncomeExpense": "-621000", "discontinuedOperations": "0", "netIncomeFromContinuingOperations": "-3058000", "netIncomeApplicableToCommonShares": "-3056000", "preferredStockAndOtherAdjustments": "None"}, {"fiscalDateEnding": "2016-02-29", "reportedCurrency": "USD", "totalRevenue": "1677000", "totalOperatingExpense": "-2988000", "costOfRevenue": "-1508000", "grossProfit": "169000", "ebit": "-2843000", "netIncome": "-2975000", "researchAndDevelopment": "-1293000", "effectOfAccountingCharges": "0", "incomeBeforeTax": "-3008000", "minorityInterest": "0", "sellingGeneralAdministrative": "-1695000", "otherNonOperatingIncome": "-24000", "operatingIncome": "-2819000", "otherOperatingExpense": "0", "interestExpense": "165000", "taxProvision": "None", "interestIncome": "None", "netInterestIncome": "None", "extraordinaryItems": "0", "nonRecurring": "0", "otherItems": "0", "incomeTaxExpense": "33000", "totalOtherIncomeExpense": "0", "discontinuedOperations": "0", "netIncomeFromContinuingOperations": "-3041000", "netIncomeApplicableToCommonShares": "-2975000", "preferredStockAndOtherAdjustments": "None"}, {"fiscalDateEnding": "2015-11-30", "reportedCurrency": "USD", "totalRevenue": "4620000", "totalOperatingExpense": "-2636000", "costOfRevenue": "-2929000", "grossProfit": "1691000", "ebit": "-890000", "netIncome": "-1048000", "researchAndDevelopment": "-923000", "effectOfAccountingCharges": "0", "incomeBeforeTax": "-1027000", "minorityInterest": "0", "sellingGeneralAdministrative": "-1713000", "otherNonOperatingIncome": "55000", "operatingIncome": "-945000", "otherOperatingExpense": "0", "interestExpense": "137000", "taxProvision": "None", "interestIncome": "None", "netInterestIncome": "None", "extraordinaryItems": "0", "nonRecurring": "0", "otherItems": "0", "incomeTaxExpense": "-21000", "totalOtherIncomeExpense": "0", "discontinuedOperations": "0", "netIncomeFromContinuingOperations": "-1006000", "netIncomeApplicableToCommonShares": "-1048000", "preferredStockAndOtherAdjustments": "None"}, {"fiscalDateEnding": "2015-08-31", "reportedCurrency": "USD", "totalRevenue": "6633000", "totalOperatingExpense": "-2907000", "costOfRevenue": "-3250000", "grossProfit": "3383000", "ebit": "452000", "netIncome": "294000", "researchAndDevelopment": "-1062000", "effectOfAccountingCharges": "0", "incomeBeforeTax": "317000", "minorityInterest": "0", "sellingGeneralAdministrative": "-1845000", "otherNonOperatingIncome": "-24000", "operatingIncome": "476000", "otherOperatingExpense": "0", "interestExpense": "135000", "taxProvision": "None", "interestIncome": "None", "netInterestIncome": "None", "extraordinaryItems": "0", "nonRecurring": "0", "otherItems": "0", "incomeTaxExpense": "-23000", "totalOtherIncomeExpense": "0", "discontinuedOperations": "0", "netIncomeFromContinuingOperations": "340000", "netIncomeApplicableToCommonShares": "294000", "preferredStockAndOtherAdjustments": "None"}, {"fiscalDateEnding": "2015-05-31", "reportedCurrency": "USD", "totalRevenue": "1818000", "totalOperatingExpense": "-2493000", "costOfRevenue": "-1136000", "grossProfit": "682000", "ebit": "-1801000", "netIncome": "-1900000", "researchAndDevelopment": "-967000", "effectOfAccountingCharges": "0", "incomeBeforeTax": "-1902000", "minorityInterest": "-18000", "sellingGeneralAdministrative": "-1526000", "otherNonOperatingIncome": "10000", "operatingIncome": "-1811000", "otherOperatingExpense": "0", "interestExpense": "101000", "taxProvision": "None", "interestIncome": "None", "netInterestIncome": "None", "extraordinaryItems": "0", "nonRecurring": "0", "otherItems": "0", "incomeTaxExpense": "2000", "totalOtherIncomeExpense": "81000", "discontinuedOperations": "0", "netIncomeFromContinuingOperations": "-1904000", "netIncomeApplicableToCommonShares": "-1900000", "preferredStockAndOtherAdjustments": "None"}]}