{"symbol": "AEIS", "annualReports": [{"fiscalDateEnding": "2019-12-31", "reportedCurrency": "USD", "totalRevenue": "788948000", "totalOperatingExpense": "261264000", "costOfRevenue": "473296000", "grossProfit": "315652000", "ebit": "67194000", "netIncome": "64941000", "researchAndDevelopment": "101503000", "effectOfAccountingCharges": "None", "incomeBeforeTax": "67194000", "minorityInterest": "34000", "sellingGeneralAdministrative": "142555000", "otherNonOperatingIncome": "12806000", "operatingIncome": "54388000", "otherOperatingExpense": "12168000", "interestExpense": "-3416000", "taxProvision": "10699000", "interestIncome": "None", "netInterestIncome": "None", "extraordinaryItems": "8480000", "nonRecurring": "5038000", "otherItems": "None", "incomeTaxExpense": "10699000", "totalOtherIncomeExpense": "7768000", "discontinuedOperations": "8480000", "netIncomeFromContinuingOperations": "56495000", "netIncomeApplicableToCommonShares": "64941000", "preferredStockAndOtherAdjustments": "None"}, {"fiscalDateEnding": "2018-12-31", "reportedCurrency": "USD", "totalRevenue": "718892000", "totalOperatingExpense": "194054000", "costOfRevenue": "353285000", "grossProfit": "365607000", "ebit": "172376000", "netIncome": "147025000", "researchAndDevelopment": "76008000", "effectOfAccountingCharges": "None", "incomeBeforeTax": "172376000", "minorityInterest": "86000", "sellingGeneralAdministrative": "108033000", "otherNonOperatingIncome": "823000", "operatingIncome": "171553000", "otherOperatingExpense": "5774000", "interestExpense": "-228000", "taxProvision": "25227000", "interestIncome": "None", "netInterestIncome": "None", "extraordinaryItems": "-5741000", "nonRecurring": "4239000", "otherItems": "None", "incomeTaxExpense": "25227000", "totalOtherIncomeExpense": "-3416000", "discontinuedOperations": "-38000", "netIncomeFromContinuingOperations": "147149000", "netIncomeApplicableToCommonShares": "147025000", "preferredStockAndOtherAdjustments": "None"}, {"fiscalDateEnding": "2017-12-31", "reportedCurrency": "USD", "totalRevenue": "671012000", "totalOperatingExpense": "155611000", "costOfRevenue": "314631000", "grossProfit": "356381000", "ebit": "198191000", "netIncome": "137861000", "researchAndDevelopment": "57999000", "effectOfAccountingCharges": "None", "incomeBeforeTax": "198191000", "minorityInterest": "512000", "sellingGeneralAdministrative": "93262000", "otherNonOperatingIncome": "-2579000", "operatingIncome": "200770000", "otherOperatingExpense": "4350000", "interestExpense": "-66000", "taxProvision": "62090000", "interestIncome": "None", "netInterestIncome": "None", "extraordinaryItems": "-71107000", "nonRecurring": "None", "otherItems": "None", "incomeTaxExpense": "62090000", "totalOtherIncomeExpense": "-2579000", "discontinuedOperations": "1760000", "netIncomeFromContinuingOperations": "136101000", "netIncomeApplicableToCommonShares": "137861000", "preferredStockAndOtherAdjustments": "None"}, {"fiscalDateEnding": "2016-12-31", "reportedCurrency": "USD", "totalRevenue": "483704000", "totalOperatingExpense": "126290000", "costOfRevenue": "230557000", "grossProfit": "253147000", "ebit": "128076000", "netIncome": "127454000", "researchAndDevelopment": "44445000", "effectOfAccountingCharges": "None", "incomeBeforeTax": "128076000", "minorityInterest": "512000", "sellingGeneralAdministrative": "77678000", "otherNonOperatingIncome": "1219000", "operatingIncome": "126857000", "otherOperatingExpense": "4167000", "interestExpense": "-100000", "taxProvision": "11128000", "interestIncome": "None", "netInterestIncome": "None", "extraordinaryItems": "10506000", "nonRecurring": "None", "otherItems": "None", "incomeTaxExpense": "11128000", "totalOtherIncomeExpense": "1219000", "discontinuedOperations": "10506000", "netIncomeFromContinuingOperations": "116948000", "netIncomeApplicableToCommonShares": "127454000", "preferredStockAndOtherAdjustments": "None"}, {"fiscalDateEnding": "2015-12-31", "reportedCurrency": "USD", "totalRevenue": "414811000", "totalOperatingExpense": "110214000", "costOfRevenue": "197941000", "grossProfit": "216870000", "ebit": "104562000", "netIncome": "-158486000", "researchAndDevelopment": "39551000", "effectOfAccountingCharges": "None", "incomeBeforeTax": "105442000", "minorityInterest": "512000", "sellingGeneralAdministrative": "66097000", "otherNonOperatingIncome": "-2094000", "operatingIncome": "106656000", "otherOperatingExpense": "4702000", "interestExpense": "-900000", "taxProvision": "21960000", "interestIncome": "None", "netInterestIncome": "None", "extraordinaryItems": "-241968000", "nonRecurring": "198000", "otherItems": "None", "incomeTaxExpense": "21960000", "totalOtherIncomeExpense": "-1412000", "discontinuedOperations": "-241968000", "netIncomeFromContinuingOperations": "83482000", "netIncomeApplicableToCommonShares": "-158486000", "preferredStockAndOtherAdjustments": "None"}], "quarterlyReports": [{"fiscalDateEnding": "2020-06-30", "reportedCurrency": "USD", "totalRevenue": "339880000", "totalOperatingExpense": "94828000", "costOfRevenue": "209576000", "grossProfit": "130304000", "ebit": "33889000", "netIncome": "29144000", "researchAndDevelopment": "35855000", "effectOfAccountingCharges": "None", "incomeBeforeTax": "33889000", "minorityInterest": "-16000", "sellingGeneralAdministrative": "48174000", "otherNonOperatingIncome": "-1587000", "operatingIncome": "35476000", "otherOperatingExpense": "5009000", "interestExpense": "None", "taxProvision": "4610000", "interestIncome": "None", "netInterestIncome": "None", "extraordinaryItems": "None", "nonRecurring": "5790000", "otherItems": "None", "incomeTaxExpense": "4610000", "totalOtherIncomeExpense": "-7377000", "discontinuedOperations": "-151000", "netIncomeFromContinuingOperations": "29279000", "netIncomeApplicableToCommonShares": "29144000", "preferredStockAndOtherAdjustments": "None"}, {"fiscalDateEnding": "2020-03-31", "reportedCurrency": "USD", "totalRevenue": "315456000", "totalOperatingExpense": "86423000", "costOfRevenue": "203225000", "grossProfit": "112231000", "ebit": "22298000", "netIncome": "18063000", "researchAndDevelopment": "34770000", "effectOfAccountingCharges": "None", "incomeBeforeTax": "22298000", "minorityInterest": "15000", "sellingGeneralAdministrative": "45991000", "otherNonOperatingIncome": "-3510000", "operatingIncome": "25808000", "otherOperatingExpense": "5006000", "interestExpense": "None", "taxProvision": "3900000", "interestIncome": "None", "netInterestIncome": "None", "extraordinaryItems": "-320000", "nonRecurring": "656000", "otherItems": "None", "incomeTaxExpense": "3900000", "totalOtherIncomeExpense": "-4166000", "discontinuedOperations": "-320000", "netIncomeFromContinuingOperations": "18398000", "netIncomeApplicableToCommonShares": "18063000", "preferredStockAndOtherAdjustments": "None"}, {"fiscalDateEnding": "2019-12-31", "reportedCurrency": "USD", "totalRevenue": "338268000", "totalOperatingExpense": "90093000", "costOfRevenue": "225973000", "grossProfit": "112295000", "ebit": "17359000", "netIncome": "10264000", "researchAndDevelopment": "33828000", "effectOfAccountingCharges": "None", "incomeBeforeTax": "17359000", "minorityInterest": "5000", "sellingGeneralAdministrative": "49528000", "otherNonOperatingIncome": "-4843000", "operatingIncome": "22202000", "otherOperatingExpense": "5319000", "interestExpense": "-2489000", "taxProvision": "6880000", "interestIncome": "None", "netInterestIncome": "None", "extraordinaryItems": "-210000", "nonRecurring": "1418000", "otherItems": "None", "incomeTaxExpense": "6880000", "totalOtherIncomeExpense": "-6261000", "discontinuedOperations": "-210000", "netIncomeFromContinuingOperations": "10479000", "netIncomeApplicableToCommonShares": "10264000", "preferredStockAndOtherAdjustments": "None"}, {"fiscalDateEnding": "2019-09-30", "reportedCurrency": "USD", "totalRevenue": "175127000", "totalOperatingExpense": "64101000", "costOfRevenue": "101636000", "grossProfit": "73491000", "ebit": "10751000", "netIncome": "7621000", "researchAndDevelopment": "24546000", "effectOfAccountingCharges": "None", "incomeBeforeTax": "10751000", "minorityInterest": "10000", "sellingGeneralAdministrative": "36401000", "otherNonOperatingIncome": "1361000", "operatingIncome": "9390000", "otherOperatingExpense": "3002000", "interestExpense": "-808000", "taxProvision": "3495000", "interestIncome": "None", "netInterestIncome": "None", "extraordinaryItems": "375000", "nonRecurring": "152000", "otherItems": "None", "incomeTaxExpense": "3495000", "totalOtherIncomeExpense": "1209000", "discontinuedOperations": "375000", "netIncomeFromContinuingOperations": "7256000", "netIncomeApplicableToCommonShares": "7621000", "preferredStockAndOtherAdjustments": "None"}, {"fiscalDateEnding": "2019-06-30", "reportedCurrency": "USD", "totalRevenue": "134810000", "totalOperatingExpense": "53121000", "costOfRevenue": "70684000", "grossProfit": "64126000", "ebit": "26550000", "netIncome": "31686000", "researchAndDevelopment": "21840000", "effectOfAccountingCharges": "None", "incomeBeforeTax": "26550000", "minorityInterest": "11000", "sellingGeneralAdministrative": "27612000", "otherNonOperatingIncome": "15545000", "operatingIncome": "11005000", "otherOperatingExpense": "1874000", "interestExpense": "-58000", "taxProvision": "3177000", "interestIncome": "None", "netInterestIncome": "None", "extraordinaryItems": "8324000", "nonRecurring": "1795000", "otherItems": "None", "incomeTaxExpense": "3177000", "totalOtherIncomeExpense": "13750000", "discontinuedOperations": "8324000", "netIncomeFromContinuingOperations": "23373000", "netIncomeApplicableToCommonShares": "31686000", "preferredStockAndOtherAdjustments": "None"}, {"fiscalDateEnding": "2019-03-31", "reportedCurrency": "USD", "totalRevenue": "140743000", "totalOperatingExpense": "53949000", "costOfRevenue": "75003000", "grossProfit": "65740000", "ebit": "12534000", "netIncome": "15370000", "researchAndDevelopment": "21289000", "effectOfAccountingCharges": "None", "incomeBeforeTax": "12534000", "minorityInterest": "8000", "sellingGeneralAdministrative": "29014000", "otherNonOperatingIncome": "743000", "operatingIncome": "11791000", "otherOperatingExpense": "1973000", "interestExpense": "-58000", "taxProvision": "-2853000", "interestIncome": "None", "netInterestIncome": "None", "extraordinaryItems": "-9000", "nonRecurring": "1673000", "otherItems": "None", "incomeTaxExpense": "-2853000", "totalOtherIncomeExpense": "-930000", "discontinuedOperations": "-9000", "netIncomeFromContinuingOperations": "15387000", "netIncomeApplicableToCommonShares": "15370000", "preferredStockAndOtherAdjustments": "None"}, {"fiscalDateEnding": "2018-12-31", "reportedCurrency": "USD", "totalRevenue": "154161000", "totalOperatingExpense": "55618000", "costOfRevenue": "78973000", "grossProfit": "75188000", "ebit": "20451000", "netIncome": "19406000", "researchAndDevelopment": "20725000", "effectOfAccountingCharges": "0", "incomeBeforeTax": "20451000", "minorityInterest": "4000", "sellingGeneralAdministrative": "29241000", "otherNonOperatingIncome": "881000", "operatingIncome": "19570000", "otherOperatingExpense": "1816000", "interestExpense": "-58000", "taxProvision": "None", "interestIncome": "None", "netInterestIncome": "None", "extraordinaryItems": "-1264000", "nonRecurring": "3836000", "otherItems": "0", "incomeTaxExpense": "1229000", "totalOtherIncomeExpense": "-5446000", "discontinuedOperations": "188000", "netIncomeFromContinuingOperations": "19222000", "netIncomeApplicableToCommonShares": "19406000", "preferredStockAndOtherAdjustments": "None"}, {"fiscalDateEnding": "2018-09-30", "reportedCurrency": "USD", "totalRevenue": "173082000", "totalOperatingExpense": "45677000", "costOfRevenue": "87543000", "grossProfit": "85539000", "ebit": "40263000", "netIncome": "34779000", "researchAndDevelopment": "18451000", "effectOfAccountingCharges": "0", "incomeBeforeTax": "40263000", "minorityInterest": "7000", "sellingGeneralAdministrative": "25386000", "otherNonOperatingIncome": "401000", "operatingIncome": "39862000", "otherOperatingExpense": "1437000", "interestExpense": "71000", "taxProvision": "None", "interestIncome": "None", "netInterestIncome": "None", "extraordinaryItems": "0", "nonRecurring": "403000", "otherItems": "0", "incomeTaxExpense": "5106000", "totalOtherIncomeExpense": "-885000", "discontinuedOperations": "-371000", "netIncomeFromContinuingOperations": "35157000", "netIncomeApplicableToCommonShares": "34779000", "preferredStockAndOtherAdjustments": "None"}, {"fiscalDateEnding": "2018-06-30", "reportedCurrency": "USD", "totalRevenue": "196032000", "totalOperatingExpense": "45217000", "costOfRevenue": "94797000", "grossProfit": "101235000", "ebit": "55533000", "netIncome": "46361000", "researchAndDevelopment": "19195000", "effectOfAccountingCharges": "0", "incomeBeforeTax": "55533000", "minorityInterest": "44000", "sellingGeneralAdministrative": "24758000", "otherNonOperatingIncome": "-485000", "operatingIncome": "56018000", "otherOperatingExpense": "1264000", "interestExpense": "0", "taxProvision": "None", "interestIncome": "None", "netInterestIncome": "None", "extraordinaryItems": "0", "nonRecurring": "0", "otherItems": "0", "incomeTaxExpense": "9133000", "totalOtherIncomeExpense": "-740000", "discontinuedOperations": "5000", "netIncomeFromContinuingOperations": "46400000", "netIncomeApplicableToCommonShares": "46361000", "preferredStockAndOtherAdjustments": "None"}, {"fiscalDateEnding": "2018-03-31", "reportedCurrency": "USD", "totalRevenue": "195617000", "totalOperatingExpense": "47542000", "costOfRevenue": "91972000", "grossProfit": "103645000", "ebit": "56129000", "netIncome": "46479000", "researchAndDevelopment": "17637000", "effectOfAccountingCharges": "0", "incomeBeforeTax": "56129000", "minorityInterest": "31000", "sellingGeneralAdministrative": "28648000", "otherNonOperatingIncome": "26000", "operatingIncome": "56103000", "otherOperatingExpense": "1257000", "interestExpense": "100000", "taxProvision": "None", "interestIncome": "None", "netInterestIncome": "None", "extraordinaryItems": "0", "nonRecurring": "0", "otherItems": "0", "incomeTaxExpense": "9759000", "totalOtherIncomeExpense": "-324000", "discontinuedOperations": "140000", "netIncomeFromContinuingOperations": "46370000", "netIncomeApplicableToCommonShares": "46479000", "preferredStockAndOtherAdjustments": "None"}, {"fiscalDateEnding": "2017-12-31", "reportedCurrency": "USD", "totalRevenue": "179214000", "totalOperatingExpense": "40113000", "costOfRevenue": "81039000", "grossProfit": "98175000", "ebit": "58621000", "netIncome": "-29590000", "researchAndDevelopment": "16257000", "effectOfAccountingCharges": "0", "incomeBeforeTax": "58621000", "minorityInterest": "1436000", "sellingGeneralAdministrative": "22682000", "otherNonOperatingIncome": "559000", "operatingIncome": "58062000", "otherOperatingExpense": "1174000", "interestExpense": "0", "taxProvision": "None", "interestIncome": "None", "netInterestIncome": "None", "extraordinaryItems": "0", "nonRecurring": "0", "otherItems": "0", "incomeTaxExpense": "87628000", "totalOtherIncomeExpense": "-2829000", "discontinuedOperations": "-583000", "netIncomeFromContinuingOperations": "-29007000", "netIncomeApplicableToCommonShares": "-29590000", "preferredStockAndOtherAdjustments": "None"}, {"fiscalDateEnding": "2017-09-30", "reportedCurrency": "USD", "totalRevenue": "176575000", "totalOperatingExpense": "40561000", "costOfRevenue": "84341000", "grossProfit": "92234000", "ebit": "51826000", "netIncome": "83864000", "researchAndDevelopment": "14629000", "effectOfAccountingCharges": "0", "incomeBeforeTax": "51826000", "minorityInterest": "-1386000", "sellingGeneralAdministrative": "24692000", "otherNonOperatingIncome": "153000", "operatingIncome": "51673000", "otherOperatingExpense": "1240000", "interestExpense": "0", "taxProvision": "None", "interestIncome": "None", "netInterestIncome": "None", "extraordinaryItems": "0", "nonRecurring": "0", "otherItems": "0", "incomeTaxExpense": "-31968000", "totalOtherIncomeExpense": "0", "discontinuedOperations": "70000", "netIncomeFromContinuingOperations": "83794000", "netIncomeApplicableToCommonShares": "83864000", "preferredStockAndOtherAdjustments": "None"}, {"fiscalDateEnding": "2017-06-30", "reportedCurrency": "USD", "totalRevenue": "165872000", "totalOperatingExpense": "39374000", "costOfRevenue": "78731000", "grossProfit": "87141000", "ebit": "47684000", "netIncome": "46052000", "researchAndDevelopment": "14610000", "effectOfAccountingCharges": "0", "incomeBeforeTax": "47684000", "minorityInterest": "462000", "sellingGeneralAdministrative": "23790000", "otherNonOperatingIncome": "-83000", "operatingIncome": "47767000", "otherOperatingExpense": "974000", "interestExpense": "0", "taxProvision": "None", "interestIncome": "None", "netInterestIncome": "None", "extraordinaryItems": "0", "nonRecurring": "0", "otherItems": "0", "incomeTaxExpense": "1811000", "totalOtherIncomeExpense": "0", "discontinuedOperations": "179000", "netIncomeFromContinuingOperations": "45873000", "netIncomeApplicableToCommonShares": "46052000", "preferredStockAndOtherAdjustments": "None"}, {"fiscalDateEnding": "2017-03-31", "reportedCurrency": "USD", "totalRevenue": "149351000", "totalOperatingExpense": "35563000", "costOfRevenue": "70520000", "grossProfit": "78831000", "ebit": "40060000", "netIncome": "37535000", "researchAndDevelopment": "12503000", "effectOfAccountingCharges": "0", "incomeBeforeTax": "40060000", "minorityInterest": "0", "sellingGeneralAdministrative": "22098000", "otherNonOperatingIncome": "-3208000", "operatingIncome": "43268000", "otherOperatingExpense": "962000", "interestExpense": "0", "taxProvision": "None", "interestIncome": "None", "netInterestIncome": "None", "extraordinaryItems": "0", "nonRecurring": "0", "otherItems": "0", "incomeTaxExpense": "4619000", "totalOtherIncomeExpense": "0", "discontinuedOperations": "2094000", "netIncomeFromContinuingOperations": "35441000", "netIncomeApplicableToCommonShares": "37535000", "preferredStockAndOtherAdjustments": "None"}, {"fiscalDateEnding": "2016-12-31", "reportedCurrency": "USD", "totalRevenue": "135343000", "totalOperatingExpense": "32972000", "costOfRevenue": "63825000", "grossProfit": "71518000", "ebit": "38627000", "netIncome": "44281000", "researchAndDevelopment": "11121000", "effectOfAccountingCharges": "0", "incomeBeforeTax": "38627000", "minorityInterest": "512000", "sellingGeneralAdministrative": "20864000", "otherNonOperatingIncome": "81000", "operatingIncome": "38546000", "otherOperatingExpense": "987000", "interestExpense": "-100000", "taxProvision": "None", "interestIncome": "None", "netInterestIncome": "None", "extraordinaryItems": "0", "nonRecurring": "0", "otherItems": "0", "incomeTaxExpense": "-1809000", "totalOtherIncomeExpense": "1219000", "discontinuedOperations": "3845000", "netIncomeFromContinuingOperations": "40436000", "netIncomeApplicableToCommonShares": "44281000", "preferredStockAndOtherAdjustments": "None"}, {"fiscalDateEnding": "2016-09-30", "reportedCurrency": "USD", "totalRevenue": "126552000", "totalOperatingExpense": "31762000", "costOfRevenue": "60429000", "grossProfit": "66123000", "ebit": "34306000", "netIncome": "30361000", "researchAndDevelopment": "11293000", "effectOfAccountingCharges": "0", "incomeBeforeTax": "34306000", "minorityInterest": "0", "sellingGeneralAdministrative": "19421000", "otherNonOperatingIncome": "-55000", "operatingIncome": "34361000", "otherOperatingExpense": "1048000", "interestExpense": "0", "taxProvision": "None", "interestIncome": "None", "netInterestIncome": "None", "extraordinaryItems": "0", "nonRecurring": "0", "otherItems": "0", "incomeTaxExpense": "5268000", "totalOtherIncomeExpense": "0", "discontinuedOperations": "1323000", "netIncomeFromContinuingOperations": "29038000", "netIncomeApplicableToCommonShares": "30361000", "preferredStockAndOtherAdjustments": "None"}, {"fiscalDateEnding": "2016-06-30", "reportedCurrency": "USD", "totalRevenue": "118765000", "totalOperatingExpense": "31717000", "costOfRevenue": "56719000", "grossProfit": "62046000", "ebit": "31165000", "netIncome": "30531000", "researchAndDevelopment": "11266000", "effectOfAccountingCharges": "0", "incomeBeforeTax": "31165000", "minorityInterest": "0", "sellingGeneralAdministrative": "19377000", "otherNonOperatingIncome": "836000", "operatingIncome": "30329000", "otherOperatingExpense": "1074000", "interestExpense": "0", "taxProvision": "None", "interestIncome": "None", "netInterestIncome": "None", "extraordinaryItems": "0", "nonRecurring": "0", "otherItems": "0", "incomeTaxExpense": "3911000", "totalOtherIncomeExpense": "0", "discontinuedOperations": "3277000", "netIncomeFromContinuingOperations": "27254000", "netIncomeApplicableToCommonShares": "30531000", "preferredStockAndOtherAdjustments": "None"}, {"fiscalDateEnding": "2016-03-31", "reportedCurrency": "USD", "totalRevenue": "103044000", "totalOperatingExpense": "29839000", "costOfRevenue": "49584000", "grossProfit": "53460000", "ebit": "23978000", "netIncome": "22281000", "researchAndDevelopment": "10765000", "effectOfAccountingCharges": "0", "incomeBeforeTax": "23978000", "minorityInterest": "0", "sellingGeneralAdministrative": "18016000", "otherNonOperatingIncome": "357000", "operatingIncome": "23621000", "otherOperatingExpense": "1058000", "interestExpense": "0", "taxProvision": "None", "interestIncome": "None", "netInterestIncome": "None", "extraordinaryItems": "0", "nonRecurring": "0", "otherItems": "0", "incomeTaxExpense": "3758000", "totalOtherIncomeExpense": "0", "discontinuedOperations": "2061000", "netIncomeFromContinuingOperations": "20220000", "netIncomeApplicableToCommonShares": "22281000", "preferredStockAndOtherAdjustments": "None"}, {"fiscalDateEnding": "2015-12-31", "reportedCurrency": "USD", "totalRevenue": "86891000", "totalOperatingExpense": "307957000", "costOfRevenue": "44207000", "grossProfit": "163833000", "ebit": "106854000", "netIncome": "36265000", "researchAndDevelopment": "9437000", "effectOfAccountingCharges": "0", "incomeBeforeTax": "14512000", "minorityInterest": "512000", "sellingGeneralAdministrative": "24575000", "otherNonOperatingIncome": "None", "operatingIncome": "16056000", "otherOperatingExpense": "4368000", "interestExpense": "-900000", "taxProvision": "None", "interestIncome": "None", "netInterestIncome": "None", "extraordinaryItems": "0", "nonRecurring": "198000", "otherItems": "0", "incomeTaxExpense": "3022000", "totalOtherIncomeExpense": "-545000", "discontinuedOperations": "-241968000", "netIncomeFromContinuingOperations": "83482000", "netIncomeApplicableToCommonShares": "11490000", "preferredStockAndOtherAdjustments": "None"}, {"fiscalDateEnding": "2015-09-30", "reportedCurrency": "USD", "totalRevenue": "130800000", "totalOperatingExpense": "43377000", "costOfRevenue": "77763000", "grossProfit": "53037000", "ebit": "8793000", "netIncome": "16432000", "researchAndDevelopment": "11696000", "effectOfAccountingCharges": "0", "incomeBeforeTax": "8793000", "minorityInterest": "0", "sellingGeneralAdministrative": "16484000", "otherNonOperatingIncome": "-867000", "operatingIncome": "9660000", "otherOperatingExpense": "1267000", "interestExpense": "0", "taxProvision": "None", "interestIncome": "None", "netInterestIncome": "None", "extraordinaryItems": "0", "nonRecurring": "13930000", "otherItems": "0", "incomeTaxExpense": "-7639000", "totalOtherIncomeExpense": "-1022000", "discontinuedOperations": "0", "netIncomeFromContinuingOperations": "16432000", "netIncomeApplicableToCommonShares": "16432000", "preferredStockAndOtherAdjustments": "None"}, {"fiscalDateEnding": "2015-06-30", "reportedCurrency": "USD", "totalRevenue": "108654000", "totalOperatingExpense": "0", "costOfRevenue": "52105000", "grossProfit": "-19466000", "ebit": "0", "netIncome": "-253735000", "researchAndDevelopment": "9984000", "effectOfAccountingCharges": "0", "incomeBeforeTax": "29080000", "minorityInterest": "0", "sellingGeneralAdministrative": "25479000", "otherNonOperatingIncome": "None", "operatingIncome": "28779000", "otherOperatingExpense": "0", "interestExpense": "0", "taxProvision": "None", "interestIncome": "None", "netInterestIncome": "None", "extraordinaryItems": "0", "nonRecurring": "0", "otherItems": "0", "incomeTaxExpense": "6056000", "totalOtherIncomeExpense": "-911000", "discontinuedOperations": "0", "netIncomeFromContinuingOperations": "0", "netIncomeApplicableToCommonShares": "23024000", "preferredStockAndOtherAdjustments": "None"}]}