{"symbol": "AEL", "annualReports": [{"fiscalDateEnding": "2019-12-31", "reportedCurrency": "USD", "totalRevenue": "3482856000", "totalOperatingExpense": "3148780000", "costOfRevenue": "1499296000", "grossProfit": "3482856000", "ebit": "334076000", "netIncome": "246090000", "researchAndDevelopment": "None", "effectOfAccountingCharges": "None", "incomeBeforeTax": "315565000", "minorityInterest": "None", "sellingGeneralAdministrative": "82883000", "otherNonOperatingIncome": "None", "operatingIncome": "334076000", "otherOperatingExpense": "3148780000", "interestExpense": "1328865000", "taxProvision": "69475000", "interestIncome": "-1287576000", "netInterestIncome": "-1328865000", "extraordinaryItems": "None", "nonRecurring": "None", "otherItems": "None", "incomeTaxExpense": "69475000", "totalOtherIncomeExpense": "-44349000", "discontinuedOperations": "None", "netIncomeFromContinuingOperations": "246090000", "netIncomeApplicableToCommonShares": "246090000", "preferredStockAndOtherAdjustments": "None"}, {"fiscalDateEnding": "2018-12-31", "reportedCurrency": "USD", "totalRevenue": "1582103000", "totalOperatingExpense": "981356000", "costOfRevenue": "2200557000", "grossProfit": "1582103000", "ebit": "600747000", "netIncome": "458016000", "researchAndDevelopment": "0", "effectOfAccountingCharges": "None", "incomeBeforeTax": "565742000", "minorityInterest": "None", "sellingGeneralAdministrative": "71914000", "otherNonOperatingIncome": "None", "operatingIncome": "600747000", "otherOperatingExpense": "981356000", "interestExpense": "1651824000", "taxProvision": "107726000", "interestIncome": "-1610835000", "netInterestIncome": "-1651824000", "extraordinaryItems": "None", "nonRecurring": "None", "otherItems": "None", "incomeTaxExpense": "107726000", "totalOtherIncomeExpense": "-40120000", "discontinuedOperations": "None", "netIncomeFromContinuingOperations": "458016000", "netIncomeApplicableToCommonShares": "458016000", "preferredStockAndOtherAdjustments": "None"}, {"fiscalDateEnding": "2017-12-31", "reportedCurrency": "USD", "totalRevenue": "3891652000", "totalOperatingExpense": "3575381000", "costOfRevenue": "2499463000", "grossProfit": "3891652000", "ebit": "316271000", "netIncome": "174645000", "researchAndDevelopment": "0", "effectOfAccountingCharges": "None", "incomeBeforeTax": "316271000", "minorityInterest": "None", "sellingGeneralAdministrative": "58043000", "otherNonOperatingIncome": "None", "operatingIncome": "316271000", "otherOperatingExpense": "3575381000", "interestExpense": "2068160000", "taxProvision": "141626000", "interestIncome": "-2023668000", "netInterestIncome": "-2068160000", "extraordinaryItems": "-35900000", "nonRecurring": "None", "otherItems": "None", "incomeTaxExpense": "141626000", "totalOtherIncomeExpense": "-63054000", "discontinuedOperations": "None", "netIncomeFromContinuingOperations": "174645000", "netIncomeApplicableToCommonShares": "174645000", "preferredStockAndOtherAdjustments": "None"}, {"fiscalDateEnding": "2016-12-31", "reportedCurrency": "USD", "totalRevenue": "2220282000", "totalOperatingExpense": "2090035000", "costOfRevenue": "1403133000", "grossProfit": "2220282000", "ebit": "130247000", "netIncome": "83243000", "researchAndDevelopment": "0", "effectOfAccountingCharges": "None", "incomeBeforeTax": "130247000", "minorityInterest": "None", "sellingGeneralAdministrative": "53479000", "otherNonOperatingIncome": "None", "operatingIncome": "130247000", "otherOperatingExpense": "2090035000", "interestExpense": "766678000", "taxProvision": "47004000", "interestIncome": "-725472000", "netInterestIncome": "-766678000", "extraordinaryItems": "None", "nonRecurring": "None", "otherItems": "None", "incomeTaxExpense": "47004000", "totalOtherIncomeExpense": "-36588000", "discontinuedOperations": "None", "netIncomeFromContinuingOperations": "83243000", "netIncomeApplicableToCommonShares": "83243000", "preferredStockAndOtherAdjustments": "None"}, {"fiscalDateEnding": "2015-12-31", "reportedCurrency": "USD", "totalRevenue": "1518937000", "totalOperatingExpense": "1181623000", "costOfRevenue": "1509015000", "grossProfit": "1518937000", "ebit": "337314000", "netIncome": "219830000", "researchAndDevelopment": "0", "effectOfAccountingCharges": "None", "incomeBeforeTax": "337314000", "minorityInterest": "None", "sellingGeneralAdministrative": "0", "otherNonOperatingIncome": "None", "operatingIncome": "337314000", "otherOperatingExpense": "1181623000", "interestExpense": "-43429000", "taxProvision": "117484000", "interestIncome": "423610000", "netInterestIncome": "None", "extraordinaryItems": "None", "nonRecurring": "None", "otherItems": "None", "incomeTaxExpense": "117484000", "totalOtherIncomeExpense": "-43429000", "discontinuedOperations": "None", "netIncomeFromContinuingOperations": "219830000", "netIncomeApplicableToCommonShares": "219830000", "preferredStockAndOtherAdjustments": "None"}], "quarterlyReports": [{"fiscalDateEnding": "2020-06-30", "reportedCurrency": "USD", "totalRevenue": "919948000", "totalOperatingExpense": "1235851000", "costOfRevenue": "None", "grossProfit": "919948000", "ebit": "-315903000", "netIncome": "-247429000", "researchAndDevelopment": "None", "effectOfAccountingCharges": "None", "incomeBeforeTax": "-315903000", "minorityInterest": "None", "sellingGeneralAdministrative": "21832000", "otherNonOperatingIncome": "None", "operatingIncome": "-315903000", "otherOperatingExpense": "1235851000", "interestExpense": "248701000", "taxProvision": "-68474000", "interestIncome": "None", "netInterestIncome": "-248701000", "extraordinaryItems": "None", "nonRecurring": "None", "otherItems": "None", "incomeTaxExpense": "-68474000", "totalOtherIncomeExpense": "None", "discontinuedOperations": "None", "netIncomeFromContinuingOperations": "-247429000", "netIncomeApplicableToCommonShares": "-253379000", "preferredStockAndOtherAdjustments": "5950000"}, {"fiscalDateEnding": "2020-03-31", "reportedCurrency": "USD", "totalRevenue": "-323703000", "totalOperatingExpense": "-593878000", "costOfRevenue": "None", "grossProfit": "-323703000", "ebit": "270175000", "netIncome": "242947000", "researchAndDevelopment": "None", "effectOfAccountingCharges": "None", "incomeBeforeTax": "270175000", "minorityInterest": "None", "sellingGeneralAdministrative": "22155000", "otherNonOperatingIncome": "None", "operatingIncome": "270175000", "otherOperatingExpense": "-593878000", "interestExpense": "408192000", "taxProvision": "27228000", "interestIncome": "-400219000", "netInterestIncome": "-408192000", "extraordinaryItems": "None", "nonRecurring": "None", "otherItems": "None", "incomeTaxExpense": "27228000", "totalOtherIncomeExpense": "None", "discontinuedOperations": "None", "netIncomeFromContinuingOperations": "242947000", "netIncomeApplicableToCommonShares": "236336000", "preferredStockAndOtherAdjustments": "6611000"}, {"fiscalDateEnding": "2019-12-31", "reportedCurrency": "USD", "totalRevenue": "1131247000", "totalOperatingExpense": "833008000", "costOfRevenue": "635900000", "grossProfit": "1131247000", "ebit": "298239000", "netIncome": "220150000", "researchAndDevelopment": "None", "effectOfAccountingCharges": "None", "incomeBeforeTax": "280827000", "minorityInterest": "None", "sellingGeneralAdministrative": "21620000", "otherNonOperatingIncome": "None", "operatingIncome": "298239000", "otherOperatingExpense": "833008000", "interestExpense": "409549000", "taxProvision": "60677000", "interestIncome": "-399514000", "netInterestIncome": "-409549000", "extraordinaryItems": "None", "nonRecurring": "None", "otherItems": "None", "incomeTaxExpense": "60677000", "totalOtherIncomeExpense": "-12036000", "discontinuedOperations": "None", "netIncomeFromContinuingOperations": "220150000", "netIncomeApplicableToCommonShares": "220150000", "preferredStockAndOtherAdjustments": "None"}, {"fiscalDateEnding": "2019-09-30", "reportedCurrency": "USD", "totalRevenue": "643497000", "totalOperatingExpense": "592391000", "costOfRevenue": "331209000", "grossProfit": "643497000", "ebit": "51106000", "netIncome": "37360000", "researchAndDevelopment": "None", "effectOfAccountingCharges": "None", "incomeBeforeTax": "51005000", "minorityInterest": "None", "sellingGeneralAdministrative": "20170000", "otherNonOperatingIncome": "None", "operatingIncome": "51106000", "otherOperatingExpense": "592391000", "interestExpense": "510635000", "taxProvision": "13645000", "interestIncome": "-500285000", "netInterestIncome": "-510635000", "extraordinaryItems": "None", "nonRecurring": "None", "otherItems": "None", "incomeTaxExpense": "13645000", "totalOtherIncomeExpense": "-10353000", "discontinuedOperations": "None", "netIncomeFromContinuingOperations": "37360000", "netIncomeApplicableToCommonShares": "37360000", "preferredStockAndOtherAdjustments": "None"}, {"fiscalDateEnding": "2019-06-30", "reportedCurrency": "USD", "totalRevenue": "707392000", "totalOperatingExpense": "683198000", "costOfRevenue": "307773000", "grossProfit": "707392000", "ebit": "24194000", "netIncome": "18590000", "researchAndDevelopment": "None", "effectOfAccountingCharges": "None", "incomeBeforeTax": "23196000", "minorityInterest": "None", "sellingGeneralAdministrative": "20874000", "otherNonOperatingIncome": "None", "operatingIncome": "24194000", "otherOperatingExpense": "683198000", "interestExpense": "261540000", "taxProvision": "4606000", "interestIncome": "-251103000", "netInterestIncome": "-261540000", "extraordinaryItems": "None", "nonRecurring": "None", "otherItems": "None", "incomeTaxExpense": "4606000", "totalOtherIncomeExpense": "-11125000", "discontinuedOperations": "None", "netIncomeFromContinuingOperations": "18590000", "netIncomeApplicableToCommonShares": "18590000", "preferredStockAndOtherAdjustments": "None"}, {"fiscalDateEnding": "2019-03-31", "reportedCurrency": "USD", "totalRevenue": "1000720000", "totalOperatingExpense": "1040183000", "costOfRevenue": "224414000", "grossProfit": "1000720000", "ebit": "-39463000", "netIncome": "-30010000", "researchAndDevelopment": "None", "effectOfAccountingCharges": "None", "incomeBeforeTax": "-39463000", "minorityInterest": "None", "sellingGeneralAdministrative": "20219000", "otherNonOperatingIncome": "None", "operatingIncome": "-39463000", "otherOperatingExpense": "1040183000", "interestExpense": "147141000", "taxProvision": "-9453000", "interestIncome": "-776790000", "netInterestIncome": "-147141000", "extraordinaryItems": "None", "nonRecurring": "None", "otherItems": "None", "incomeTaxExpense": "-9453000", "totalOtherIncomeExpense": "-10835000", "discontinuedOperations": "None", "netIncomeFromContinuingOperations": "-30010000", "netIncomeApplicableToCommonShares": "-30010000", "preferredStockAndOtherAdjustments": "None"}, {"fiscalDateEnding": "2018-12-31", "reportedCurrency": "USD", "totalRevenue": "-432005000", "totalOperatingExpense": "-517201000", "costOfRevenue": "242811000", "grossProfit": "-432005000", "ebit": "85196000", "netIncome": "53823000", "researchAndDevelopment": "0", "effectOfAccountingCharges": "0", "incomeBeforeTax": "66216000", "minorityInterest": "0", "sellingGeneralAdministrative": "0", "otherNonOperatingIncome": "None", "operatingIncome": "85196000", "otherOperatingExpense": "-517201000", "interestExpense": "-11206000", "taxProvision": "None", "interestIncome": "None", "netInterestIncome": "None", "extraordinaryItems": "0", "nonRecurring": "0", "otherItems": "0", "incomeTaxExpense": "12393000", "totalOtherIncomeExpense": "-11206000", "discontinuedOperations": "0", "netIncomeFromContinuingOperations": "53823000", "netIncomeApplicableToCommonShares": "53823000", "preferredStockAndOtherAdjustments": "None"}, {"fiscalDateEnding": "2018-09-30", "reportedCurrency": "USD", "totalRevenue": "1208111000", "totalOperatingExpense": "986065000", "costOfRevenue": "560107000", "grossProfit": "1208111000", "ebit": "222046000", "netIncome": "169328000", "researchAndDevelopment": "0", "effectOfAccountingCharges": "0", "incomeBeforeTax": "207673000", "minorityInterest": "0", "sellingGeneralAdministrative": "0", "otherNonOperatingIncome": "None", "operatingIncome": "222046000", "otherOperatingExpense": "986065000", "interestExpense": "-10060000", "taxProvision": "None", "interestIncome": "None", "netInterestIncome": "None", "extraordinaryItems": "0", "nonRecurring": "0", "otherItems": "0", "incomeTaxExpense": "38345000", "totalOtherIncomeExpense": "-10060000", "discontinuedOperations": "0", "netIncomeFromContinuingOperations": "169328000", "netIncomeApplicableToCommonShares": "169328000", "preferredStockAndOtherAdjustments": "None"}, {"fiscalDateEnding": "2018-06-30", "reportedCurrency": "USD", "totalRevenue": "686218000", "totalOperatingExpense": "571231000", "costOfRevenue": "630388000", "grossProfit": "686218000", "ebit": "114987000", "netIncome": "93903000", "researchAndDevelopment": "0", "effectOfAccountingCharges": "0", "incomeBeforeTax": "114242000", "minorityInterest": "0", "sellingGeneralAdministrative": "0", "otherNonOperatingIncome": "None", "operatingIncome": "114987000", "otherOperatingExpense": "571231000", "interestExpense": "-9892000", "taxProvision": "None", "interestIncome": "None", "netInterestIncome": "None", "extraordinaryItems": "0", "nonRecurring": "0", "otherItems": "0", "incomeTaxExpense": "20339000", "totalOtherIncomeExpense": "-9892000", "discontinuedOperations": "0", "netIncomeFromContinuingOperations": "93903000", "netIncomeApplicableToCommonShares": "93903000", "preferredStockAndOtherAdjustments": "None"}, {"fiscalDateEnding": "2018-03-31", "reportedCurrency": "USD", "totalRevenue": "119779000", "totalOperatingExpense": "-58739000", "costOfRevenue": "767251000", "grossProfit": "119779000", "ebit": "178518000", "netIncome": "140962000", "researchAndDevelopment": "0", "effectOfAccountingCharges": "0", "incomeBeforeTax": "177611000", "minorityInterest": "0", "sellingGeneralAdministrative": "0", "otherNonOperatingIncome": "None", "operatingIncome": "178518000", "otherOperatingExpense": "-58739000", "interestExpense": "-8962000", "taxProvision": "None", "interestIncome": "None", "netInterestIncome": "None", "extraordinaryItems": "0", "nonRecurring": "0", "otherItems": "0", "incomeTaxExpense": "36649000", "totalOtherIncomeExpense": "-8962000", "discontinuedOperations": "0", "netIncomeFromContinuingOperations": "140962000", "netIncomeApplicableToCommonShares": "140962000", "preferredStockAndOtherAdjustments": "None"}, {"fiscalDateEnding": "2017-12-31", "reportedCurrency": "USD", "totalRevenue": "1239270000", "totalOperatingExpense": "1131532000", "costOfRevenue": "1120142000", "grossProfit": "1239270000", "ebit": "107738000", "netIncome": "36803000", "researchAndDevelopment": "0", "effectOfAccountingCharges": "0", "incomeBeforeTax": "107738000", "minorityInterest": "0", "sellingGeneralAdministrative": "0", "otherNonOperatingIncome": "None", "operatingIncome": "107738000", "otherOperatingExpense": "1131532000", "interestExpense": "9554000", "taxProvision": "None", "interestIncome": "None", "netInterestIncome": "None", "extraordinaryItems": "0", "nonRecurring": "0", "otherItems": "0", "incomeTaxExpense": "70935000", "totalOtherIncomeExpense": "-63054000", "discontinuedOperations": "0", "netIncomeFromContinuingOperations": "36803000", "netIncomeApplicableToCommonShares": "36803000", "preferredStockAndOtherAdjustments": "None"}, {"fiscalDateEnding": "2017-09-30", "reportedCurrency": "USD", "totalRevenue": "905953000", "totalOperatingExpense": "819164000", "costOfRevenue": "807233000", "grossProfit": "905953000", "ebit": "86789000", "netIncome": "56957000", "researchAndDevelopment": "0", "effectOfAccountingCharges": "0", "incomeBeforeTax": "86789000", "minorityInterest": "0", "sellingGeneralAdministrative": "0", "otherNonOperatingIncome": "None", "operatingIncome": "86789000", "otherOperatingExpense": "819164000", "interestExpense": "11134000", "taxProvision": "None", "interestIncome": "None", "netInterestIncome": "None", "extraordinaryItems": "0", "nonRecurring": "0", "otherItems": "0", "incomeTaxExpense": "29832000", "totalOtherIncomeExpense": "0", "discontinuedOperations": "0", "netIncomeFromContinuingOperations": "56957000", "netIncomeApplicableToCommonShares": "56957000", "preferredStockAndOtherAdjustments": "None"}, {"fiscalDateEnding": "2017-06-30", "reportedCurrency": "USD", "totalRevenue": "819128000", "totalOperatingExpense": "778861000", "costOfRevenue": "765757000", "grossProfit": "819128000", "ebit": "40267000", "netIncome": "26946000", "researchAndDevelopment": "0", "effectOfAccountingCharges": "0", "incomeBeforeTax": "40267000", "minorityInterest": "0", "sellingGeneralAdministrative": "0", "otherNonOperatingIncome": "None", "operatingIncome": "40267000", "otherOperatingExpense": "778861000", "interestExpense": "12985000", "taxProvision": "None", "interestIncome": "None", "netInterestIncome": "None", "extraordinaryItems": "0", "nonRecurring": "0", "otherItems": "0", "incomeTaxExpense": "13321000", "totalOtherIncomeExpense": "0", "discontinuedOperations": "0", "netIncomeFromContinuingOperations": "26946000", "netIncomeApplicableToCommonShares": "26946000", "preferredStockAndOtherAdjustments": "None"}, {"fiscalDateEnding": "2017-03-31", "reportedCurrency": "USD", "totalRevenue": "927301000", "totalOperatingExpense": "845824000", "costOfRevenue": "833809000", "grossProfit": "927301000", "ebit": "81477000", "netIncome": "53939000", "researchAndDevelopment": "0", "effectOfAccountingCharges": "0", "incomeBeforeTax": "81477000", "minorityInterest": "0", "sellingGeneralAdministrative": "0", "otherNonOperatingIncome": "None", "operatingIncome": "81477000", "otherOperatingExpense": "845824000", "interestExpense": "11261000", "taxProvision": "None", "interestIncome": "None", "netInterestIncome": "None", "extraordinaryItems": "0", "nonRecurring": "0", "otherItems": "0", "incomeTaxExpense": "27538000", "totalOtherIncomeExpense": "0", "discontinuedOperations": "0", "netIncomeFromContinuingOperations": "53939000", "netIncomeApplicableToCommonShares": "53939000", "preferredStockAndOtherAdjustments": "None"}, {"fiscalDateEnding": "2016-12-31", "reportedCurrency": "USD", "totalRevenue": "622816000", "totalOperatingExpense": "435225000", "costOfRevenue": "423416000", "grossProfit": "622816000", "ebit": "187591000", "netIncome": "120796000", "researchAndDevelopment": "0", "effectOfAccountingCharges": "0", "incomeBeforeTax": "187591000", "minorityInterest": "0", "sellingGeneralAdministrative": "0", "otherNonOperatingIncome": "None", "operatingIncome": "187591000", "otherOperatingExpense": "435225000", "interestExpense": "7658000", "taxProvision": "None", "interestIncome": "None", "netInterestIncome": "None", "extraordinaryItems": "0", "nonRecurring": "0", "otherItems": "0", "incomeTaxExpense": "66795000", "totalOtherIncomeExpense": "-36588000", "discontinuedOperations": "0", "netIncomeFromContinuingOperations": "120796000", "netIncomeApplicableToCommonShares": "120796000", "preferredStockAndOtherAdjustments": "None"}, {"fiscalDateEnding": "2016-09-30", "reportedCurrency": "USD", "totalRevenue": "630060000", "totalOperatingExpense": "641038000", "costOfRevenue": "632472000", "grossProfit": "630060000", "ebit": "-10978000", "netIncome": "-7420000", "researchAndDevelopment": "0", "effectOfAccountingCharges": "0", "incomeBeforeTax": "-10978000", "minorityInterest": "0", "sellingGeneralAdministrative": "0", "otherNonOperatingIncome": "None", "operatingIncome": "-10978000", "otherOperatingExpense": "641038000", "interestExpense": "9613000", "taxProvision": "None", "interestIncome": "None", "netInterestIncome": "None", "extraordinaryItems": "0", "nonRecurring": "0", "otherItems": "0", "incomeTaxExpense": "-3558000", "totalOtherIncomeExpense": "0", "discontinuedOperations": "0", "netIncomeFromContinuingOperations": "-7420000", "netIncomeApplicableToCommonShares": "-7420000", "preferredStockAndOtherAdjustments": "None"}, {"fiscalDateEnding": "2016-06-30", "reportedCurrency": "USD", "totalRevenue": "551097000", "totalOperatingExpense": "527065000", "costOfRevenue": "516107000", "grossProfit": "549802000", "ebit": "22737000", "netIncome": "14708000", "researchAndDevelopment": "0", "effectOfAccountingCharges": "0", "incomeBeforeTax": "22737000", "minorityInterest": "0", "sellingGeneralAdministrative": "0", "otherNonOperatingIncome": "None", "operatingIncome": "22737000", "otherOperatingExpense": "527065000", "interestExpense": "11383000", "taxProvision": "None", "interestIncome": "None", "netInterestIncome": "None", "extraordinaryItems": "0", "nonRecurring": "0", "otherItems": "0", "incomeTaxExpense": "8029000", "totalOtherIncomeExpense": "0", "discontinuedOperations": "0", "netIncomeFromContinuingOperations": "14708000", "netIncomeApplicableToCommonShares": "14708000", "preferredStockAndOtherAdjustments": "None"}, {"fiscalDateEnding": "2016-03-31", "reportedCurrency": "USD", "totalRevenue": "420918000", "totalOperatingExpense": "486707000", "costOfRevenue": "475784000", "grossProfit": "417604000", "ebit": "-69103000", "netIncome": "-44841000", "researchAndDevelopment": "0", "effectOfAccountingCharges": "0", "incomeBeforeTax": "-69103000", "minorityInterest": "0", "sellingGeneralAdministrative": "0", "otherNonOperatingIncome": "None", "operatingIncome": "-69103000", "otherOperatingExpense": "486707000", "interestExpense": "13362000", "taxProvision": "None", "interestIncome": "None", "netInterestIncome": "None", "extraordinaryItems": "0", "nonRecurring": "0", "otherItems": "0", "incomeTaxExpense": "-24262000", "totalOtherIncomeExpense": "0", "discontinuedOperations": "0", "netIncomeFromContinuingOperations": "-44841000", "netIncomeApplicableToCommonShares": "-44841000", "preferredStockAndOtherAdjustments": "None"}, {"fiscalDateEnding": "2015-12-31", "reportedCurrency": "USD", "totalRevenue": "541883000", "totalOperatingExpense": "488925000", "costOfRevenue": "478074000", "grossProfit": "541883000", "ebit": "52958000", "netIncome": "33776000", "researchAndDevelopment": "0", "effectOfAccountingCharges": "0", "incomeBeforeTax": "52958000", "minorityInterest": "0", "sellingGeneralAdministrative": "0", "otherNonOperatingIncome": "None", "operatingIncome": "52958000", "otherOperatingExpense": "488925000", "interestExpense": "9114000", "taxProvision": "None", "interestIncome": "None", "netInterestIncome": "None", "extraordinaryItems": "0", "nonRecurring": "0", "otherItems": "0", "incomeTaxExpense": "19182000", "totalOtherIncomeExpense": "-43429000", "discontinuedOperations": "0", "netIncomeFromContinuingOperations": "33776000", "netIncomeApplicableToCommonShares": "33776000", "preferredStockAndOtherAdjustments": "None"}, {"fiscalDateEnding": "2015-09-30", "reportedCurrency": "USD", "totalRevenue": "126965000", "totalOperatingExpense": "-21753000", "costOfRevenue": "-302825000", "grossProfit": "126965000", "ebit": "148718000", "netIncome": "97306000", "researchAndDevelopment": "0", "effectOfAccountingCharges": "0", "incomeBeforeTax": "148718000", "minorityInterest": "0", "sellingGeneralAdministrative": "0", "otherNonOperatingIncome": "None", "operatingIncome": "148718000", "otherOperatingExpense": "-21753000", "interestExpense": "13539000", "taxProvision": "None", "interestIncome": "None", "netInterestIncome": "None", "extraordinaryItems": "0", "nonRecurring": "0", "otherItems": "0", "incomeTaxExpense": "51412000", "totalOtherIncomeExpense": "0", "discontinuedOperations": "0", "netIncomeFromContinuingOperations": "97306000", "netIncomeApplicableToCommonShares": "97306000", "preferredStockAndOtherAdjustments": "None"}, {"fiscalDateEnding": "2015-06-30", "reportedCurrency": "USD", "totalRevenue": "441094000", "totalOperatingExpense": "314477000", "costOfRevenue": "302825000", "grossProfit": "441094000", "ebit": "126617000", "netIncome": "82845000", "researchAndDevelopment": "0", "effectOfAccountingCharges": "0", "incomeBeforeTax": "126617000", "minorityInterest": "0", "sellingGeneralAdministrative": "0", "otherNonOperatingIncome": "None", "operatingIncome": "126617000", "otherOperatingExpense": "314477000", "interestExpense": "9342000", "taxProvision": "None", "interestIncome": "None", "netInterestIncome": "None", "extraordinaryItems": "0", "nonRecurring": "0", "otherItems": "0", "incomeTaxExpense": "43772000", "totalOtherIncomeExpense": "0", "discontinuedOperations": "0", "netIncomeFromContinuingOperations": "82845000", "netIncomeApplicableToCommonShares": "82845000", "preferredStockAndOtherAdjustments": "None"}]}