{"symbol": "AEP", "annualReports": [{"fiscalDateEnding": "2019-12-31", "reportedCurrency": "USD", "totalRevenue": "15561400000", "totalOperatingExpense": "12969100000", "costOfRevenue": "-5106100000", "grossProfit": "20667500000", "ebit": "2859400000", "netIncome": "1849000000", "researchAndDevelopment": "None", "effectOfAccountingCharges": "None", "incomeBeforeTax": "1834800000", "minorityInterest": "-1300000", "sellingGeneralAdministrative": "-2743700000", "otherNonOperatingIncome": "267100000", "operatingIncome": "2592300000", "otherOperatingExpense": "-2514500000", "interestExpense": "1072500000", "taxProvision": "-12900000", "interestIncome": "-904100000", "netInterestIncome": "-1072500000", "extraordinaryItems": "None", "nonRecurring": "-156400000", "otherItems": "None", "incomeTaxExpense": "-12900000", "totalOtherIncomeExpense": "158600000", "discontinuedOperations": "None", "netIncomeFromContinuingOperations": "1847700000", "netIncomeApplicableToCommonShares": "1921100000", "preferredStockAndOtherAdjustments": "None"}, {"fiscalDateEnding": "2018-12-31", "reportedCurrency": "USD", "totalRevenue": "16195700000", "totalOperatingExpense": "13513000000", "costOfRevenue": "-5786500000", "grossProfit": "21982200000", "ebit": "2906500000", "netIncome": "1923800000", "researchAndDevelopment": "0", "effectOfAccountingCharges": "None", "incomeBeforeTax": "1973500000", "minorityInterest": "7500000", "sellingGeneralAdministrative": "-2979200000", "otherNonOperatingIncome": "223800000", "operatingIncome": "2682700000", "otherOperatingExpense": "-2286600000", "interestExpense": "984400000", "taxProvision": "115300000", "interestIncome": "11600000", "netInterestIncome": "-972800000", "extraordinaryItems": "10900000", "nonRecurring": "-70600000", "otherItems": "None", "incomeTaxExpense": "115300000", "totalOtherIncomeExpense": "193000000", "discontinuedOperations": "None", "netIncomeFromContinuingOperations": "1931300000", "netIncomeApplicableToCommonShares": "1923800000", "preferredStockAndOtherAdjustments": "None"}, {"fiscalDateEnding": "2017-12-31", "reportedCurrency": "USD", "totalRevenue": "15424900000", "totalOperatingExpense": "11854400000", "costOfRevenue": "8937100000", "grossProfit": "15424900000", "ebit": "3793600000", "netIncome": "1912600000", "researchAndDevelopment": "0", "effectOfAccountingCharges": "None", "incomeBeforeTax": "2816200000", "minorityInterest": "16300000", "sellingGeneralAdministrative": "3543400000", "otherNonOperatingIncome": "223100000", "operatingIncome": "3570500000", "otherOperatingExpense": "8223900000", "interestExpense": "895000000", "taxProvision": "969700000", "interestIncome": "16000000", "netInterestIncome": "-879000000", "extraordinaryItems": "26700000", "nonRecurring": "87100000", "otherItems": "None", "incomeTaxExpense": "969700000", "totalOtherIncomeExpense": "264000000", "discontinuedOperations": "None", "netIncomeFromContinuingOperations": "1928900000", "netIncomeApplicableToCommonShares": "1912600000", "preferredStockAndOtherAdjustments": "None"}, {"fiscalDateEnding": "2016-12-31", "reportedCurrency": "USD", "totalRevenue": "16380100000", "totalOperatingExpense": "15173000000", "costOfRevenue": "9924900000", "grossProfit": "16380100000", "ebit": "1424000000", "netIncome": "610900000", "researchAndDevelopment": "0", "effectOfAccountingCharges": "None", "incomeBeforeTax": "475600000", "minorityInterest": "7100000", "sellingGeneralAdministrative": "3974900000", "otherNonOperatingIncome": "216900000", "operatingIncome": "1207100000", "otherOperatingExpense": "8930300000", "interestExpense": "877200000", "taxProvision": "-73700000", "interestIncome": "16300000", "netInterestIncome": "-860900000", "extraordinaryItems": "-2500000", "nonRecurring": "2267800000", "otherItems": "None", "incomeTaxExpense": "-73700000", "totalOtherIncomeExpense": "-2138400000", "discontinuedOperations": "-2500000", "netIncomeFromContinuingOperations": "620500000", "netIncomeApplicableToCommonShares": "610900000", "preferredStockAndOtherAdjustments": "None"}, {"fiscalDateEnding": "2015-12-31", "reportedCurrency": "USD", "totalRevenue": "16453200000", "totalOperatingExpense": "13119700000", "costOfRevenue": "2760100000", "grossProfit": "16453200000", "ebit": "3562100000", "netIncome": "2047100000", "researchAndDevelopment": "0", "effectOfAccountingCharges": "None", "incomeBeforeTax": "2622900000", "minorityInterest": "5200000", "sellingGeneralAdministrative": "3676500000", "otherNonOperatingIncome": "228600000", "operatingIncome": "3333500000", "otherOperatingExpense": "9443200000", "interestExpense": "873900000", "taxProvision": "919600000", "interestIncome": "-734100000", "netInterestIncome": "None", "extraordinaryItems": "283700000", "nonRecurring": "2267800000", "otherItems": "None", "incomeTaxExpense": "919600000", "totalOtherIncomeExpense": "-645300000", "discontinuedOperations": "283700000", "netIncomeFromContinuingOperations": "1768600000", "netIncomeApplicableToCommonShares": "2047100000", "preferredStockAndOtherAdjustments": "None"}], "quarterlyReports": [{"fiscalDateEnding": "2020-06-30", "reportedCurrency": "USD", "totalRevenue": "3494000000", "totalOperatingExpense": "2771300000", "costOfRevenue": "-964900000", "grossProfit": "4458900000", "ebit": "791300000", "netIncome": "501600000", "researchAndDevelopment": "None", "effectOfAccountingCharges": "None", "incomeBeforeTax": "507900000", "minorityInterest": "-6300000", "sellingGeneralAdministrative": "-566000000", "otherNonOperatingIncome": "68600000", "operatingIncome": "722700000", "otherOperatingExpense": "-679500000", "interestExpense": "294000000", "taxProvision": "12600000", "interestIncome": "None", "netInterestIncome": "-294000000", "extraordinaryItems": "None", "nonRecurring": "None", "otherItems": "None", "incomeTaxExpense": "12600000", "totalOtherIncomeExpense": "79200000", "discontinuedOperations": "None", "netIncomeFromContinuingOperations": "495300000", "netIncomeApplicableToCommonShares": "520800000", "preferredStockAndOtherAdjustments": "None"}, {"fiscalDateEnding": "2020-03-31", "reportedCurrency": "USD", "totalRevenue": "3747500000", "totalOperatingExpense": "2995900000", "costOfRevenue": "-1151000000", "grossProfit": "4898500000", "ebit": "808200000", "netIncome": "465600000", "researchAndDevelopment": "None", "effectOfAccountingCharges": "None", "incomeBeforeTax": "516200000", "minorityInterest": "4100000", "sellingGeneralAdministrative": "-602100000", "otherNonOperatingIncome": "56600000", "operatingIncome": "751600000", "otherOperatingExpense": "-672200000", "interestExpense": "292100000", "taxProvision": "46500000", "interestIncome": "-260700000", "netInterestIncome": "-292100000", "extraordinaryItems": "None", "nonRecurring": "None", "otherItems": "None", "incomeTaxExpense": "46500000", "totalOtherIncomeExpense": "56700000", "discontinuedOperations": "None", "netIncomeFromContinuingOperations": "469700000", "netIncomeApplicableToCommonShares": "495200000", "preferredStockAndOtherAdjustments": "None"}, {"fiscalDateEnding": "2019-12-31", "reportedCurrency": "USD", "totalRevenue": "3616000000", "totalOperatingExpense": "3321300000", "costOfRevenue": "-1137200000", "grossProfit": "4753200000", "ebit": "370000000", "netIncome": "132500000", "researchAndDevelopment": "None", "effectOfAccountingCharges": "None", "incomeBeforeTax": "88100000", "minorityInterest": "-800000", "sellingGeneralAdministrative": "-762000000", "otherNonOperatingIncome": "75300000", "operatingIncome": "294700000", "otherOperatingExpense": "-640900000", "interestExpense": "290900000", "taxProvision": "-43600000", "interestIncome": "-244800000", "netInterestIncome": "-290900000", "extraordinaryItems": "None", "nonRecurring": "-156400000", "otherItems": "None", "incomeTaxExpense": "-43600000", "totalOtherIncomeExpense": "-72100000", "discontinuedOperations": "None", "netIncomeFromContinuingOperations": "131700000", "netIncomeApplicableToCommonShares": "153500000", "preferredStockAndOtherAdjustments": "None"}, {"fiscalDateEnding": "2019-09-30", "reportedCurrency": "USD", "totalRevenue": "4315000000", "totalOperatingExpense": "3356800000", "costOfRevenue": "-1415100000", "grossProfit": "5730100000", "ebit": "1019600000", "netIncome": "718300000", "researchAndDevelopment": "None", "effectOfAccountingCharges": "None", "incomeBeforeTax": "759300000", "minorityInterest": "400000", "sellingGeneralAdministrative": "-708300000", "otherNonOperatingIncome": "61400000", "operatingIncome": "958200000", "otherOperatingExpense": "-645200000", "interestExpense": "275100000", "taxProvision": "40600000", "interestIncome": "-232100000", "netInterestIncome": "-275100000", "extraordinaryItems": "None", "nonRecurring": "None", "otherItems": "None", "incomeTaxExpense": "40600000", "totalOtherIncomeExpense": "76200000", "discontinuedOperations": "None", "netIncomeFromContinuingOperations": "718700000", "netIncomeApplicableToCommonShares": "733500000", "preferredStockAndOtherAdjustments": "None"}, {"fiscalDateEnding": "2019-06-30", "reportedCurrency": "USD", "totalRevenue": "3573600000", "totalOperatingExpense": "3022600000", "costOfRevenue": "-1141600000", "grossProfit": "4715200000", "ebit": "625400000", "netIncome": "443900000", "researchAndDevelopment": "None", "effectOfAccountingCharges": "None", "incomeBeforeTax": "387300000", "minorityInterest": "-2200000", "sellingGeneralAdministrative": "-607400000", "otherNonOperatingIncome": "74400000", "operatingIncome": "551000000", "otherOperatingExpense": "-622600000", "interestExpense": "250700000", "taxProvision": "-54400000", "interestIncome": "-200300000", "netInterestIncome": "-250700000", "extraordinaryItems": "None", "nonRecurring": "None", "otherItems": "None", "incomeTaxExpense": "-54400000", "totalOtherIncomeExpense": "87000000", "discontinuedOperations": "None", "netIncomeFromContinuingOperations": "441700000", "netIncomeApplicableToCommonShares": "461300000", "preferredStockAndOtherAdjustments": "None"}, {"fiscalDateEnding": "2019-03-31", "reportedCurrency": "USD", "totalRevenue": "4056800000", "totalOperatingExpense": "3268400000", "costOfRevenue": "-1412200000", "grossProfit": "5469000000", "ebit": "844400000", "netIncome": "554300000", "researchAndDevelopment": "None", "effectOfAccountingCharges": "None", "incomeBeforeTax": "600100000", "minorityInterest": "1300000", "sellingGeneralAdministrative": "-666000000", "otherNonOperatingIncome": "56000000", "operatingIncome": "788400000", "otherOperatingExpense": "-605800000", "interestExpense": "255800000", "taxProvision": "44500000", "interestIncome": "-226900000", "netInterestIncome": "-255800000", "extraordinaryItems": "None", "nonRecurring": "None", "otherItems": "None", "incomeTaxExpense": "44500000", "totalOtherIncomeExpense": "67500000", "discontinuedOperations": "None", "netIncomeFromContinuingOperations": "555600000", "netIncomeApplicableToCommonShares": "572800000", "preferredStockAndOtherAdjustments": "None"}, {"fiscalDateEnding": "2018-12-31", "reportedCurrency": "USD", "totalRevenue": "3801100000", "totalOperatingExpense": "3250000000", "costOfRevenue": "-4161400000", "grossProfit": "7962500000", "ebit": "608700000", "netIncome": "418700000", "researchAndDevelopment": "0", "effectOfAccountingCharges": "0", "incomeBeforeTax": "368800000", "minorityInterest": "1400000", "sellingGeneralAdministrative": "-4228700000", "otherNonOperatingIncome": "57600000", "operatingIncome": "551100000", "otherOperatingExpense": "-6207000000", "interestExpense": "251300000", "taxProvision": "None", "interestIncome": "None", "netInterestIncome": "None", "extraordinaryItems": "10900000", "nonRecurring": "-70600000", "otherItems": "0", "incomeTaxExpense": "21800000", "totalOtherIncomeExpense": "-229300000", "discontinuedOperations": "0", "netIncomeFromContinuingOperations": "420100000", "netIncomeApplicableToCommonShares": "363400000", "preferredStockAndOtherAdjustments": "None"}, {"fiscalDateEnding": "2018-09-30", "reportedCurrency": "USD", "totalRevenue": "4333100000", "totalOperatingExpense": "3664500000", "costOfRevenue": "-1625100000", "grossProfit": "5958200000", "ebit": "723900000", "netIncome": "559500000", "researchAndDevelopment": "0", "effectOfAccountingCharges": "0", "incomeBeforeTax": "480900000", "minorityInterest": "2100000", "sellingGeneralAdministrative": "-826000000", "otherNonOperatingIncome": "55300000", "operatingIncome": "668600000", "otherOperatingExpense": "-602600000", "interestExpense": "256800000", "taxProvision": "None", "interestIncome": "None", "netInterestIncome": "None", "extraordinaryItems": "0", "nonRecurring": "0", "otherItems": "0", "incomeTaxExpense": "-80700000", "totalOtherIncomeExpense": "-236500000", "discontinuedOperations": "0", "netIncomeFromContinuingOperations": "561600000", "netIncomeApplicableToCommonShares": "577600000", "preferredStockAndOtherAdjustments": "None"}, {"fiscalDateEnding": "2018-06-30", "reportedCurrency": "USD", "totalRevenue": "4013200000", "totalOperatingExpense": "3256200000", "costOfRevenue": "2419800000", "grossProfit": "4013200000", "ebit": "813200000", "netIncome": "509700000", "researchAndDevelopment": "0", "effectOfAccountingCharges": "0", "incomeBeforeTax": "583600000", "minorityInterest": "1700000", "sellingGeneralAdministrative": "1063500000", "otherNonOperatingIncome": "56200000", "operatingIncome": "757000000", "otherOperatingExpense": "2192700000", "interestExpense": "242300000", "taxProvision": "None", "interestIncome": "None", "netInterestIncome": "None", "extraordinaryItems": "0", "nonRecurring": "0", "otherItems": "0", "incomeTaxExpense": "72200000", "totalOtherIncomeExpense": "-186100000", "discontinuedOperations": "0", "netIncomeFromContinuingOperations": "511400000", "netIncomeApplicableToCommonShares": "528400000", "preferredStockAndOtherAdjustments": "None"}, {"fiscalDateEnding": "2018-03-31", "reportedCurrency": "USD", "totalRevenue": "4048300000", "totalOperatingExpense": "3342300000", "costOfRevenue": "2781600000", "grossProfit": "4048300000", "ebit": "760700000", "netIncome": "435900000", "researchAndDevelopment": "0", "effectOfAccountingCharges": "0", "incomeBeforeTax": "540200000", "minorityInterest": "2300000", "sellingGeneralAdministrative": "1012000000", "otherNonOperatingIncome": "54700000", "operatingIncome": "706000000", "otherOperatingExpense": "2330300000", "interestExpense": "234000000", "taxProvision": "None", "interestIncome": "None", "netInterestIncome": "None", "extraordinaryItems": "0", "nonRecurring": "0", "otherItems": "0", "incomeTaxExpense": "102000000", "totalOtherIncomeExpense": "-179300000", "discontinuedOperations": "0", "netIncomeFromContinuingOperations": "438200000", "netIncomeApplicableToCommonShares": "454400000", "preferredStockAndOtherAdjustments": "None"}, {"fiscalDateEnding": "2017-12-31", "reportedCurrency": "USD", "totalRevenue": "3810400000", "totalOperatingExpense": "17362400000", "costOfRevenue": "2480400000", "grossProfit": "6487800000", "ebit": "-3464900000", "netIncome": "400700000", "researchAndDevelopment": "0", "effectOfAccountingCharges": "0", "incomeBeforeTax": "573700000", "minorityInterest": "1100000", "sellingGeneralAdministrative": "-124500000", "otherNonOperatingIncome": "None", "operatingIncome": "818700000", "otherOperatingExpense": "-1325800000", "interestExpense": "227000000", "taxProvision": "None", "interestIncome": "None", "netInterestIncome": "None", "extraordinaryItems": "0", "nonRecurring": "12400000", "otherItems": "0", "incomeTaxExpense": "171900000", "totalOtherIncomeExpense": "-532600000", "discontinuedOperations": "0", "netIncomeFromContinuingOperations": "-2411400000", "netIncomeApplicableToCommonShares": "400700000", "preferredStockAndOtherAdjustments": "None"}, {"fiscalDateEnding": "2017-09-30", "reportedCurrency": "USD", "totalRevenue": "4104700000", "totalOperatingExpense": "3118200000", "costOfRevenue": "2613600000", "grossProfit": "4104700000", "ebit": "1044000000", "netIncome": "544700000", "researchAndDevelopment": "0", "effectOfAccountingCharges": "0", "incomeBeforeTax": "800600000", "minorityInterest": "12000000", "sellingGeneralAdministrative": "908700000", "otherNonOperatingIncome": "57500000", "operatingIncome": "986500000", "otherOperatingExpense": "2212000000", "interestExpense": "223300000", "taxProvision": "None", "interestIncome": "None", "netInterestIncome": "None", "extraordinaryItems": "0", "nonRecurring": "-2500000", "otherItems": "0", "incomeTaxExpense": "264000000", "totalOtherIncomeExpense": "0", "discontinuedOperations": "0", "netIncomeFromContinuingOperations": "556700000", "netIncomeApplicableToCommonShares": "544700000", "preferredStockAndOtherAdjustments": "None"}, {"fiscalDateEnding": "2017-06-30", "reportedCurrency": "USD", "totalRevenue": "3576500000", "totalOperatingExpense": "2831800000", "costOfRevenue": "2355700000", "grossProfit": "3576500000", "ebit": "789700000", "netIncome": "375000000", "researchAndDevelopment": "0", "effectOfAccountingCharges": "0", "incomeBeforeTax": "550800000", "minorityInterest": "1200000", "sellingGeneralAdministrative": "863800000", "otherNonOperatingIncome": "45000000", "operatingIncome": "744700000", "otherOperatingExpense": "1966100000", "interestExpense": "222900000", "taxProvision": "None", "interestIncome": "None", "netInterestIncome": "None", "extraordinaryItems": "0", "nonRecurring": "1900000", "otherItems": "0", "incomeTaxExpense": "190600000", "totalOtherIncomeExpense": "0", "discontinuedOperations": "0", "netIncomeFromContinuingOperations": "376200000", "netIncomeApplicableToCommonShares": "375000000", "preferredStockAndOtherAdjustments": "None"}, {"fiscalDateEnding": "2017-03-31", "reportedCurrency": "USD", "totalRevenue": "3933300000", "totalOperatingExpense": "2836200000", "costOfRevenue": "2581000000", "grossProfit": "3933300000", "ebit": "1159200000", "netIncome": "565200000", "researchAndDevelopment": "0", "effectOfAccountingCharges": "0", "incomeBeforeTax": "910400000", "minorityInterest": "2000000", "sellingGeneralAdministrative": "862000000", "otherNonOperatingIncome": "62100000", "operatingIncome": "1097100000", "otherOperatingExpense": "1963000000", "interestExpense": "221800000", "taxProvision": "None", "interestIncome": "None", "netInterestIncome": "None", "extraordinaryItems": "0", "nonRecurring": "11200000", "otherItems": "0", "incomeTaxExpense": "343200000", "totalOtherIncomeExpense": "0", "discontinuedOperations": "0", "netIncomeFromContinuingOperations": "567200000", "netIncomeApplicableToCommonShares": "592200000", "preferredStockAndOtherAdjustments": "None"}, {"fiscalDateEnding": "2016-12-31", "reportedCurrency": "USD", "totalRevenue": "3790100000", "totalOperatingExpense": "12905200000", "costOfRevenue": "2799200000", "grossProfit": "6455200000", "ebit": "8188300000", "netIncome": "373400000", "researchAndDevelopment": "0", "effectOfAccountingCharges": "0", "incomeBeforeTax": "435500000", "minorityInterest": "1800000", "sellingGeneralAdministrative": "-124500000", "otherNonOperatingIncome": "None", "operatingIncome": "578800000", "otherOperatingExpense": "2533900000", "interestExpense": "210000000", "taxProvision": "None", "interestIncome": "None", "netInterestIncome": "None", "extraordinaryItems": "0", "nonRecurring": "9062500000", "otherItems": "0", "incomeTaxExpense": "60300000", "totalOtherIncomeExpense": "-2928100000", "discontinuedOperations": "-12500000", "netIncomeFromContinuingOperations": "3417900000", "netIncomeApplicableToCommonShares": "373400000", "preferredStockAndOtherAdjustments": "None"}, {"fiscalDateEnding": "2016-09-30", "reportedCurrency": "USD", "totalRevenue": "4652200000", "totalOperatingExpense": "5780100000", "costOfRevenue": "2975900000", "grossProfit": "4652200000", "ebit": "-1073400000", "netIncome": "-765800000", "researchAndDevelopment": "0", "effectOfAccountingCharges": "0", "incomeBeforeTax": "-1323900000", "minorityInterest": "1600000", "sellingGeneralAdministrative": "1035500000", "otherNonOperatingIncome": "54500000", "operatingIncome": "-1127900000", "otherOperatingExpense": "2479700000", "interestExpense": "225300000", "taxProvision": "None", "interestIncome": "None", "netInterestIncome": "None", "extraordinaryItems": "0", "nonRecurring": "2264900000", "otherItems": "0", "incomeTaxExpense": "-534500000", "totalOtherIncomeExpense": "0", "discontinuedOperations": "12500000", "netIncomeFromContinuingOperations": "-764200000", "netIncomeApplicableToCommonShares": "-765800000", "preferredStockAndOtherAdjustments": "None"}, {"fiscalDateEnding": "2016-06-30", "reportedCurrency": "USD", "totalRevenue": "3892900000", "totalOperatingExpense": "3026700000", "costOfRevenue": "2512900000", "grossProfit": "3892900000", "ebit": "896300000", "netIncome": "502100000", "researchAndDevelopment": "0", "effectOfAccountingCharges": "0", "incomeBeforeTax": "678800000", "minorityInterest": "1800000", "sellingGeneralAdministrative": "913900000", "otherNonOperatingIncome": "30100000", "operatingIncome": "866200000", "otherOperatingExpense": "2112800000", "interestExpense": "224900000", "taxProvision": "None", "interestIncome": "None", "netInterestIncome": "None", "extraordinaryItems": "0", "nonRecurring": "2264900000", "otherItems": "0", "incomeTaxExpense": "165000000", "totalOtherIncomeExpense": "0", "discontinuedOperations": "-2500000", "netIncomeFromContinuingOperations": "506400000", "netIncomeApplicableToCommonShares": "502100000", "preferredStockAndOtherAdjustments": "None"}, {"fiscalDateEnding": "2016-03-31", "reportedCurrency": "USD", "totalRevenue": "4044900000", "totalOperatingExpense": "3152000000", "costOfRevenue": "2654900000", "grossProfit": "4044900000", "ebit": "955600000", "netIncome": "501200000", "researchAndDevelopment": "0", "effectOfAccountingCharges": "0", "incomeBeforeTax": "713600000", "minorityInterest": "1900000", "sellingGeneralAdministrative": "969200000", "otherNonOperatingIncome": "62700000", "operatingIncome": "892900000", "otherOperatingExpense": "2182800000", "interestExpense": "217000000", "taxProvision": "None", "interestIncome": "None", "netInterestIncome": "None", "extraordinaryItems": "0", "nonRecurring": "0", "otherItems": "0", "incomeTaxExpense": "235500000", "totalOtherIncomeExpense": "0", "discontinuedOperations": "0", "netIncomeFromContinuingOperations": "503100000", "netIncomeApplicableToCommonShares": "501200000", "preferredStockAndOtherAdjustments": "None"}, {"fiscalDateEnding": "2015-12-31", "reportedCurrency": "USD", "totalRevenue": "3614200000", "totalOperatingExpense": "13119700000", "costOfRevenue": "2667000000", "grossProfit": "6315800000", "ebit": "3333500000", "netIncome": "469100000", "researchAndDevelopment": "0", "effectOfAccountingCharges": "0", "incomeBeforeTax": "297200000", "minorityInterest": "1200000", "sellingGeneralAdministrative": "-124500000", "otherNonOperatingIncome": "None", "operatingIncome": "465500000", "otherOperatingExpense": "972600000", "interestExpense": "214900000", "taxProvision": "None", "interestIncome": "None", "netInterestIncome": "None", "extraordinaryItems": "0", "nonRecurring": "2267800000", "otherItems": "0", "incomeTaxExpense": "92600000", "totalOtherIncomeExpense": "-645300000", "discontinuedOperations": "283700000", "netIncomeFromContinuingOperations": "1768600000", "netIncomeApplicableToCommonShares": "203400000", "preferredStockAndOtherAdjustments": "None"}, {"fiscalDateEnding": "2015-09-30", "reportedCurrency": "USD", "totalRevenue": "4432000000", "totalOperatingExpense": "3472000000", "costOfRevenue": "2937000000", "grossProfit": "4432000000", "ebit": "1008000000", "netIncome": "519000000", "researchAndDevelopment": "0", "effectOfAccountingCharges": "0", "incomeBeforeTax": "775000000", "minorityInterest": "1000000", "sellingGeneralAdministrative": "939000000", "otherNonOperatingIncome": "48000000", "operatingIncome": "960000000", "otherOperatingExpense": "2533000000", "interestExpense": "221000000", "taxProvision": "None", "interestIncome": "None", "netInterestIncome": "None", "extraordinaryItems": "0", "nonRecurring": "0", "otherItems": "0", "incomeTaxExpense": "275000000", "totalOtherIncomeExpense": "0", "discontinuedOperations": "8000000", "netIncomeFromContinuingOperations": "512000000", "netIncomeApplicableToCommonShares": "519000000", "preferredStockAndOtherAdjustments": "None"}, {"fiscalDateEnding": "2015-06-30", "reportedCurrency": "USD", "totalRevenue": "3942000000", "totalOperatingExpense": "3133000000", "costOfRevenue": "2523800000", "grossProfit": "3942000000", "ebit": "880000000", "netIncome": "405000000", "researchAndDevelopment": "0", "effectOfAccountingCharges": "0", "incomeBeforeTax": "631000000", "minorityInterest": "1000000", "sellingGeneralAdministrative": "937000000", "otherNonOperatingIncome": "71000000", "operatingIncome": "809000000", "otherOperatingExpense": "2196000000", "interestExpense": "224000000", "taxProvision": "None", "interestIncome": "None", "netInterestIncome": "None", "extraordinaryItems": "0", "nonRecurring": "0", "otherItems": "0", "incomeTaxExpense": "225000000", "totalOtherIncomeExpense": "0", "discontinuedOperations": "0", "netIncomeFromContinuingOperations": "406000000", "netIncomeApplicableToCommonShares": "430000000", "preferredStockAndOtherAdjustments": "None"}]}