{"symbol": "AER", "annualReports": [{"fiscalDateEnding": "2019-12-31", "reportedCurrency": "USD", "totalRevenue": "4682266000", "totalOperatingExpense": "2219084000", "costOfRevenue": "1964071000", "grossProfit": "2718195000", "ebit": "4311783000", "netIncome": "1145694000", "researchAndDevelopment": "None", "effectOfAccountingCharges": "None", "incomeBeforeTax": "1340642000", "minorityInterest": "67308000", "sellingGeneralAdministrative": "267458000", "otherNonOperatingIncome": "None", "operatingIncome": "2463182000", "otherOperatingExpense": "None", "interestExpense": "1295020000", "taxProvision": "167714000", "interestIncome": "53794000", "netInterestIncome": "-1241226000", "extraordinaryItems": "None", "nonRecurring": "None", "otherItems": "None", "incomeTaxExpense": "167714000", "totalOtherIncomeExpense": "118686000", "discontinuedOperations": "None", "netIncomeFromContinuingOperations": "1166777000", "netIncomeApplicableToCommonShares": "1145694000", "preferredStockAndOtherAdjustments": "None"}, {"fiscalDateEnding": "2018-12-31", "reportedCurrency": "USD", "totalRevenue": "4537093000", "totalOperatingExpense": "2416248000", "costOfRevenue": "2125561000", "grossProfit": "2411532000", "ebit": "4016395000", "netIncome": "1015632000", "researchAndDevelopment": "None", "effectOfAccountingCharges": "None", "incomeBeforeTax": "1150933000", "minorityInterest": "52566000", "sellingGeneralAdministrative": "305226000", "otherNonOperatingIncome": "None", "operatingIncome": "2120845000", "otherOperatingExpense": "-61564000", "interestExpense": "1174074000", "taxProvision": "144079000", "interestIncome": "47025000", "netInterestIncome": "-1127049000", "extraordinaryItems": "None", "nonRecurring": "None", "otherItems": "None", "incomeTaxExpense": "144079000", "totalOtherIncomeExpense": "157137000", "discontinuedOperations": "None", "netIncomeFromContinuingOperations": "1017497000", "netIncomeApplicableToCommonShares": "1015632000", "preferredStockAndOtherAdjustments": "None"}, {"fiscalDateEnding": "2017-12-31", "reportedCurrency": "USD", "totalRevenue": "4713802000", "totalOperatingExpense": "2599913000", "costOfRevenue": "2265048000", "grossProfit": "2448754000", "ebit": "4089191000", "netIncome": "1076151000", "researchAndDevelopment": "None", "effectOfAccountingCharges": "None", "incomeBeforeTax": "1235872000", "minorityInterest": "59104000", "sellingGeneralAdministrative": "348291000", "otherNonOperatingIncome": "None", "operatingIncome": "2113889000", "otherOperatingExpense": "-61564000", "interestExpense": "1112391000", "taxProvision": "164718000", "interestIncome": "81172000", "netInterestIncome": "-1031219000", "extraordinaryItems": "-22000000", "nonRecurring": "61286000", "otherItems": "None", "incomeTaxExpense": "164718000", "totalOtherIncomeExpense": "153202000", "discontinuedOperations": "None", "netIncomeFromContinuingOperations": "1080353000", "netIncomeApplicableToCommonShares": "1076151000", "preferredStockAndOtherAdjustments": "None"}, {"fiscalDateEnding": "2016-12-31", "reportedCurrency": "USD", "totalRevenue": "4867623000", "totalOperatingExpense": "2706580000", "costOfRevenue": "2373866000", "grossProfit": "2493757000", "ebit": "4103429000", "netIncome": "1046630000", "researchAndDevelopment": "None", "effectOfAccountingCharges": "None", "incomeBeforeTax": "1200396000", "minorityInterest": "57817000", "sellingGeneralAdministrative": "351012000", "otherNonOperatingIncome": "None", "operatingIncome": "2161043000", "otherOperatingExpense": "-63200000", "interestExpense": "1091861000", "taxProvision": "173496000", "interestIncome": "127688000", "netInterestIncome": "-964173000", "extraordinaryItems": "None", "nonRecurring": "81607000", "otherItems": "None", "incomeTaxExpense": "173496000", "totalOtherIncomeExpense": "3526000", "discontinuedOperations": "None", "netIncomeFromContinuingOperations": "1039516000", "netIncomeApplicableToCommonShares": "1046630000", "preferredStockAndOtherAdjustments": "None"}, {"fiscalDateEnding": "2015-12-31", "reportedCurrency": "USD", "totalRevenue": "5104227000", "totalOperatingExpense": "2746724000", "costOfRevenue": "522413000", "grossProfit": "4581814000", "ebit": "2540731000", "netIncome": "1178730000", "researchAndDevelopment": "None", "effectOfAccountingCharges": "None", "incomeBeforeTax": "1365699000", "minorityInterest": "76846000", "sellingGeneralAdministrative": "357909000", "otherNonOperatingIncome": "None", "operatingIncome": "2282255000", "otherOperatingExpense": "-63200000", "interestExpense": "-1099884000", "taxProvision": "189805000", "interestIncome": "-1099884000", "netInterestIncome": "None", "extraordinaryItems": "None", "nonRecurring": "16335000", "otherItems": "None", "incomeTaxExpense": "189805000", "totalOtherIncomeExpense": "-1173754000", "discontinuedOperations": "None", "netIncomeFromContinuingOperations": "1177172000", "netIncomeApplicableToCommonShares": "1178730000", "preferredStockAndOtherAdjustments": "None"}], "quarterlyReports": [{"fiscalDateEnding": "2020-06-30", "reportedCurrency": "USD", "totalRevenue": "1172350000", "totalOperatingExpense": "541127000", "costOfRevenue": "489392000", "grossProfit": "682958000", "ebit": "1007313000", "netIncome": "246061000", "researchAndDevelopment": "None", "effectOfAccountingCharges": "None", "incomeBeforeTax": "283737000", "minorityInterest": "69086000", "sellingGeneralAdministrative": "52913000", "otherNonOperatingIncome": "None", "operatingIncome": "631223000", "otherOperatingExpense": "None", "interestExpense": "311758000", "taxProvision": "38305000", "interestIncome": "13749000", "netInterestIncome": "-298009000", "extraordinaryItems": "None", "nonRecurring": "None", "otherItems": "None", "incomeTaxExpense": "38305000", "totalOtherIncomeExpense": "-49477000", "discontinuedOperations": "None", "netIncomeFromContinuingOperations": "247605000", "netIncomeApplicableToCommonShares": "246061000", "preferredStockAndOtherAdjustments": "None"}, {"fiscalDateEnding": "2020-03-31", "reportedCurrency": "USD", "totalRevenue": "1165079000", "totalOperatingExpense": "579041000", "costOfRevenue": "519095000", "grossProfit": "645984000", "ebit": "1056349000", "netIncome": "276824000", "researchAndDevelopment": "None", "effectOfAccountingCharges": "None", "incomeBeforeTax": "321934000", "minorityInterest": "69060000", "sellingGeneralAdministrative": "64584000", "otherNonOperatingIncome": "None", "operatingIncome": "586038000", "otherOperatingExpense": "None", "interestExpense": "318617000", "taxProvision": "43461000", "interestIncome": "10094000", "netInterestIncome": "-308523000", "extraordinaryItems": "None", "nonRecurring": "None", "otherItems": "None", "incomeTaxExpense": "43461000", "totalOtherIncomeExpense": "44419000", "discontinuedOperations": "None", "netIncomeFromContinuingOperations": "279804000", "netIncomeApplicableToCommonShares": "276824000", "preferredStockAndOtherAdjustments": "None"}, {"fiscalDateEnding": "2019-12-31", "reportedCurrency": "USD", "totalRevenue": "1194826000", "totalOperatingExpense": "569808000", "costOfRevenue": "502771000", "grossProfit": "692055000", "ebit": "1082586000", "netIncome": "309758000", "researchAndDevelopment": "None", "effectOfAccountingCharges": "None", "incomeBeforeTax": "350631000", "minorityInterest": "67308000", "sellingGeneralAdministrative": "71330000", "otherNonOperatingIncome": "None", "operatingIncome": "625018000", "otherOperatingExpense": "None", "interestExpense": "316089000", "taxProvision": "39013000", "interestIncome": "9215000", "netInterestIncome": "-306874000", "extraordinaryItems": "None", "nonRecurring": "None", "otherItems": "None", "incomeTaxExpense": "39013000", "totalOtherIncomeExpense": "32487000", "discontinuedOperations": "None", "netIncomeFromContinuingOperations": "313495000", "netIncomeApplicableToCommonShares": "309758000", "preferredStockAndOtherAdjustments": "None"}, {"fiscalDateEnding": "2019-09-30", "reportedCurrency": "USD", "totalRevenue": "1139184000", "totalOperatingExpense": "521760000", "costOfRevenue": "459393000", "grossProfit": "679791000", "ebit": "1054125000", "netIncome": "270290000", "researchAndDevelopment": "None", "effectOfAccountingCharges": "None", "incomeBeforeTax": "326501000", "minorityInterest": "65075000", "sellingGeneralAdministrative": "64712000", "otherNonOperatingIncome": "None", "operatingIncome": "617424000", "otherOperatingExpense": "None", "interestExpense": "312311000", "taxProvision": "42445000", "interestIncome": "12037000", "netInterestIncome": "-300274000", "extraordinaryItems": "None", "nonRecurring": "None", "otherItems": "None", "incomeTaxExpense": "42445000", "totalOtherIncomeExpense": "9351000", "discontinuedOperations": "None", "netIncomeFromContinuingOperations": "271991000", "netIncomeApplicableToCommonShares": "270290000", "preferredStockAndOtherAdjustments": "None"}, {"fiscalDateEnding": "2019-06-30", "reportedCurrency": "USD", "totalRevenue": "1186163000", "totalOperatingExpense": "546483000", "costOfRevenue": "484337000", "grossProfit": "701826000", "ebit": "1133670000", "netIncome": "331460000", "researchAndDevelopment": "None", "effectOfAccountingCharges": "None", "incomeBeforeTax": "382136000", "minorityInterest": "65166000", "sellingGeneralAdministrative": "64543000", "otherNonOperatingIncome": "None", "operatingIncome": "639680000", "otherOperatingExpense": "None", "interestExpense": "332441000", "taxProvision": "49677000", "interestIncome": "14559000", "netInterestIncome": "-317882000", "extraordinaryItems": "None", "nonRecurring": "None", "otherItems": "None", "incomeTaxExpense": "49677000", "totalOtherIncomeExpense": "60338000", "discontinuedOperations": "None", "netIncomeFromContinuingOperations": "334394000", "netIncomeApplicableToCommonShares": "331460000", "preferredStockAndOtherAdjustments": "None"}, {"fiscalDateEnding": "2019-03-31", "reportedCurrency": "USD", "totalRevenue": "1183486000", "totalOperatingExpense": "581033000", "costOfRevenue": "91721000", "grossProfit": "1091765000", "ebit": "1041402000", "netIncome": "234186000", "researchAndDevelopment": "None", "effectOfAccountingCharges": "None", "incomeBeforeTax": "281374000", "minorityInterest": "63603000", "sellingGeneralAdministrative": "66873000", "otherNonOperatingIncome": "None", "operatingIncome": "594012000", "otherOperatingExpense": "None", "interestExpense": "334179000", "taxProvision": "36579000", "interestIncome": "-334179000", "netInterestIncome": "-316196000", "extraordinaryItems": "None", "nonRecurring": "None", "otherItems": "None", "incomeTaxExpense": "36579000", "totalOtherIncomeExpense": "16510000", "discontinuedOperations": "None", "netIncomeFromContinuingOperations": "246897000", "netIncomeApplicableToCommonShares": "234186000", "preferredStockAndOtherAdjustments": "None"}, {"fiscalDateEnding": "2018-12-31", "reportedCurrency": "USD", "totalRevenue": "1219685000", "totalOperatingExpense": "622572000", "costOfRevenue": "551801000", "grossProfit": "667884000", "ebit": "597113000", "netIncome": "232642000", "researchAndDevelopment": "0", "effectOfAccountingCharges": "0", "incomeBeforeTax": "261301000", "minorityInterest": "52566000", "sellingGeneralAdministrative": "70771000", "otherNonOperatingIncome": "None", "operatingIncome": "597113000", "otherOperatingExpense": "-25521000", "interestExpense": "-322678000", "taxProvision": "None", "interestIncome": "None", "netInterestIncome": "None", "extraordinaryItems": "0", "nonRecurring": "0", "otherItems": "0", "incomeTaxExpense": "28147000", "totalOtherIncomeExpense": "-335812000", "discontinuedOperations": "0", "netIncomeFromContinuingOperations": "233154000", "netIncomeApplicableToCommonShares": "232642000", "preferredStockAndOtherAdjustments": "None"}, {"fiscalDateEnding": "2018-09-30", "reportedCurrency": "USD", "totalRevenue": "1166517000", "totalOperatingExpense": "560937000", "costOfRevenue": "497536000", "grossProfit": "668981000", "ebit": "605580000", "netIncome": "263351000", "researchAndDevelopment": "0", "effectOfAccountingCharges": "0", "incomeBeforeTax": "303366000", "minorityInterest": "53740000", "sellingGeneralAdministrative": "63401000", "otherNonOperatingIncome": "None", "operatingIncome": "605580000", "otherOperatingExpense": "-25521000", "interestExpense": "-292082000", "taxProvision": "None", "interestIncome": "None", "netInterestIncome": "None", "extraordinaryItems": "0", "nonRecurring": "0", "otherItems": "0", "incomeTaxExpense": "39089000", "totalOtherIncomeExpense": "-302214000", "discontinuedOperations": "0", "netIncomeFromContinuingOperations": "264277000", "netIncomeApplicableToCommonShares": "263351000", "preferredStockAndOtherAdjustments": "None"}, {"fiscalDateEnding": "2018-06-30", "reportedCurrency": "USD", "totalRevenue": "1194652000", "totalOperatingExpense": "606315000", "costOfRevenue": "521043000", "grossProfit": "673609000", "ebit": "588337000", "netIncome": "254240000", "researchAndDevelopment": "0", "effectOfAccountingCharges": "0", "incomeBeforeTax": "291962000", "minorityInterest": "54349000", "sellingGeneralAdministrative": "85272000", "otherNonOperatingIncome": "None", "operatingIncome": "588337000", "otherOperatingExpense": "-25521000", "interestExpense": "-284865000", "taxProvision": "None", "interestIncome": "None", "netInterestIncome": "None", "extraordinaryItems": "0", "nonRecurring": "0", "otherItems": "0", "incomeTaxExpense": "37615000", "totalOtherIncomeExpense": "-296375000", "discontinuedOperations": "0", "netIncomeFromContinuingOperations": "254347000", "netIncomeApplicableToCommonShares": "254240000", "preferredStockAndOtherAdjustments": "None"}, {"fiscalDateEnding": "2018-03-31", "reportedCurrency": "USD", "totalRevenue": "1219126000", "totalOperatingExpense": "640963000", "costOfRevenue": "555181000", "grossProfit": "663945000", "ebit": "578163000", "netIncome": "265399000", "researchAndDevelopment": "0", "effectOfAccountingCharges": "0", "incomeBeforeTax": "304947000", "minorityInterest": "55654000", "sellingGeneralAdministrative": "85782000", "otherNonOperatingIncome": "None", "operatingIncome": "578163000", "otherOperatingExpense": "-25521000", "interestExpense": "-274449000", "taxProvision": "None", "interestIncome": "None", "netInterestIncome": "None", "extraordinaryItems": "0", "nonRecurring": "0", "otherItems": "0", "incomeTaxExpense": "39228000", "totalOtherIncomeExpense": "-273216000", "discontinuedOperations": "0", "netIncomeFromContinuingOperations": "265719000", "netIncomeApplicableToCommonShares": "265399000", "preferredStockAndOtherAdjustments": "None"}, {"fiscalDateEnding": "2017-12-31", "reportedCurrency": "USD", "totalRevenue": "1201137000", "totalOperatingExpense": "-7691967000", "costOfRevenue": "139463000", "grossProfit": "-8040522000", "ebit": "-7011918000", "netIncome": "266251000", "researchAndDevelopment": "0", "effectOfAccountingCharges": "0", "incomeBeforeTax": "320163000", "minorityInterest": "3893000", "sellingGeneralAdministrative": "96256000", "otherNonOperatingIncome": "None", "operatingIncome": "538294000", "otherOperatingExpense": "-46500000", "interestExpense": "296813000", "taxProvision": "None", "interestIncome": "None", "netInterestIncome": "None", "extraordinaryItems": "0", "nonRecurring": "61286000", "otherItems": "0", "incomeTaxExpense": "50019000", "totalOtherIncomeExpense": "3584438000", "discontinuedOperations": "0", "netIncomeFromContinuingOperations": "-2996120000", "netIncomeApplicableToCommonShares": "266251000", "preferredStockAndOtherAdjustments": "None"}, {"fiscalDateEnding": "2017-09-30", "reportedCurrency": "USD", "totalRevenue": "1204364000", "totalOperatingExpense": "14113847000", "costOfRevenue": "136302000", "grossProfit": "14801999000", "ebit": "12971863000", "netIncome": "265847000", "researchAndDevelopment": "0", "effectOfAccountingCharges": "0", "incomeBeforeTax": "300261000", "minorityInterest": "256000", "sellingGeneralAdministrative": "83920000", "otherNonOperatingIncome": "None", "operatingIncome": "554283000", "otherOperatingExpense": "0", "interestExpense": "307580000", "taxProvision": "None", "interestIncome": "None", "netInterestIncome": "None", "extraordinaryItems": "0", "nonRecurring": "0", "otherItems": "0", "incomeTaxExpense": "34158000", "totalOtherIncomeExpense": "-6525391000", "discontinuedOperations": "0", "netIncomeFromContinuingOperations": "5622255000", "netIncomeApplicableToCommonShares": "265847000", "preferredStockAndOtherAdjustments": "None"}, {"fiscalDateEnding": "2017-06-30", "reportedCurrency": "USD", "totalRevenue": "1161257000", "totalOperatingExpense": "-4499473000", "costOfRevenue": "133563000", "grossProfit": "-4714608000", "ebit": "-4131385000", "netIncome": "282880000", "researchAndDevelopment": "0", "effectOfAccountingCharges": "0", "incomeBeforeTax": "324826000", "minorityInterest": "-344877000", "sellingGeneralAdministrative": "84633000", "otherNonOperatingIncome": "None", "operatingIncome": "505274000", "otherOperatingExpense": "0", "interestExpense": "302363000", "taxProvision": "None", "interestIncome": "None", "netInterestIncome": "None", "extraordinaryItems": "0", "nonRecurring": "0", "otherItems": "0", "incomeTaxExpense": "41956000", "totalOtherIncomeExpense": "2057643000", "discontinuedOperations": "0", "netIncomeFromContinuingOperations": "-1807018000", "netIncomeApplicableToCommonShares": "282880000", "preferredStockAndOtherAdjustments": "None"}, {"fiscalDateEnding": "2017-03-31", "reportedCurrency": "USD", "totalRevenue": "1160470000", "totalOperatingExpense": "644432000", "costOfRevenue": "120135000", "grossProfit": "675876000", "ebit": "592394000", "netIncome": "261173000", "researchAndDevelopment": "0", "effectOfAccountingCharges": "0", "incomeBeforeTax": "299821000", "minorityInterest": "63000", "sellingGeneralAdministrative": "83482000", "otherNonOperatingIncome": "None", "operatingIncome": "516038000", "otherOperatingExpense": "0", "interestExpense": "312999000", "taxProvision": "None", "interestIncome": "None", "netInterestIncome": "None", "extraordinaryItems": "0", "nonRecurring": "0", "otherItems": "0", "incomeTaxExpense": "38585000", "totalOtherIncomeExpense": "-292573000", "discontinuedOperations": "0", "netIncomeFromContinuingOperations": "261236000", "netIncomeApplicableToCommonShares": "261173000", "preferredStockAndOtherAdjustments": "None"}, {"fiscalDateEnding": "2016-12-31", "reportedCurrency": "USD", "totalRevenue": "1224444000", "totalOperatingExpense": "2012348000", "costOfRevenue": "140238000", "grossProfit": "2043885000", "ebit": "1825723000", "netIncome": "364650000", "researchAndDevelopment": "0", "effectOfAccountingCharges": "0", "incomeBeforeTax": "426127000", "minorityInterest": "765000", "sellingGeneralAdministrative": "96768000", "otherNonOperatingIncome": "None", "operatingIncome": "550837000", "otherOperatingExpense": "-63200000", "interestExpense": "280592000", "taxProvision": "None", "interestIncome": "None", "netInterestIncome": "None", "extraordinaryItems": "0", "nonRecurring": "81607000", "otherItems": "0", "incomeTaxExpense": "60712000", "totalOtherIncomeExpense": "-1168341000", "discontinuedOperations": "0", "netIncomeFromContinuingOperations": "1039516000", "netIncomeApplicableToCommonShares": "364650000", "preferredStockAndOtherAdjustments": "None"}, {"fiscalDateEnding": "2016-09-30", "reportedCurrency": "USD", "totalRevenue": "1185524000", "totalOperatingExpense": "-31670000", "costOfRevenue": "125990000", "grossProfit": "-6620000", "ebit": "-370000", "netIncome": "225627000", "researchAndDevelopment": "0", "effectOfAccountingCharges": "0", "incomeBeforeTax": "263089000", "minorityInterest": "0", "sellingGeneralAdministrative": "80750000", "otherNonOperatingIncome": "None", "operatingIncome": "536194000", "otherOperatingExpense": "0", "interestExpense": "300773000", "taxProvision": "None", "interestIncome": "None", "netInterestIncome": "None", "extraordinaryItems": "0", "nonRecurring": "0", "otherItems": "0", "incomeTaxExpense": "42711000", "totalOtherIncomeExpense": "0", "discontinuedOperations": "0", "netIncomeFromContinuingOperations": "0", "netIncomeApplicableToCommonShares": "225627000", "preferredStockAndOtherAdjustments": "None"}, {"fiscalDateEnding": "2016-06-30", "reportedCurrency": "USD", "totalRevenue": "1181731000", "totalOperatingExpense": "681000000", "costOfRevenue": "139032000", "grossProfit": "643000000", "ebit": "556000000", "netIncome": "233273000", "researchAndDevelopment": "0", "effectOfAccountingCharges": "0", "incomeBeforeTax": "266206000", "minorityInterest": "-61000", "sellingGeneralAdministrative": "86466000", "otherNonOperatingIncome": "None", "operatingIncome": "500832000", "otherOperatingExpense": "0", "interestExpense": "307763000", "taxProvision": "None", "interestIncome": "None", "netInterestIncome": "None", "extraordinaryItems": "0", "nonRecurring": "0", "otherItems": "0", "incomeTaxExpense": "35624000", "totalOtherIncomeExpense": "0", "discontinuedOperations": "0", "netIncomeFromContinuingOperations": "0", "netIncomeApplicableToCommonShares": "233273000", "preferredStockAndOtherAdjustments": "None"}, {"fiscalDateEnding": "2016-03-31", "reportedCurrency": "USD", "totalRevenue": "1294222000", "totalOperatingExpense": "0", "costOfRevenue": "163296000", "grossProfit": "0", "ebit": "0", "netIncome": "223080000", "researchAndDevelopment": "0", "effectOfAccountingCharges": "0", "incomeBeforeTax": "257590000", "minorityInterest": "61000", "sellingGeneralAdministrative": "87028000", "otherNonOperatingIncome": "None", "operatingIncome": "573180000", "otherOperatingExpense": "0", "interestExpense": "310421000", "taxProvision": "None", "interestIncome": "None", "netInterestIncome": "None", "extraordinaryItems": "0", "nonRecurring": "0", "otherItems": "0", "incomeTaxExpense": "34449000", "totalOtherIncomeExpense": "0", "discontinuedOperations": "0", "netIncomeFromContinuingOperations": "0", "netIncomeApplicableToCommonShares": "223080000", "preferredStockAndOtherAdjustments": "None"}, {"fiscalDateEnding": "2015-12-31", "reportedCurrency": "USD", "totalRevenue": "1368250000", "totalOperatingExpense": "2746724000", "costOfRevenue": "226489000", "grossProfit": "2922039000", "ebit": "2540731000", "netIncome": "264209000", "researchAndDevelopment": "0", "effectOfAccountingCharges": "0", "incomeBeforeTax": "312023000", "minorityInterest": "503000", "sellingGeneralAdministrative": "103579000", "otherNonOperatingIncome": "None", "operatingIncome": "561110000", "otherOperatingExpense": "-63200000", "interestExpense": "315310000", "taxProvision": "None", "interestIncome": "None", "netInterestIncome": "None", "extraordinaryItems": "0", "nonRecurring": "16335000", "otherItems": "0", "incomeTaxExpense": "47311000", "totalOtherIncomeExpense": "-1173754000", "discontinuedOperations": "0", "netIncomeFromContinuingOperations": "1177172000", "netIncomeApplicableToCommonShares": "264209000", "preferredStockAndOtherAdjustments": "None"}, {"fiscalDateEnding": "2015-09-30", "reportedCurrency": "USD", "totalRevenue": "1321169000", "totalOperatingExpense": "0", "costOfRevenue": "187749000", "grossProfit": "0", "ebit": "0", "netIncome": "293917000", "researchAndDevelopment": "0", "effectOfAccountingCharges": "0", "incomeBeforeTax": "341056000", "minorityInterest": "481000", "sellingGeneralAdministrative": "91191000", "otherNonOperatingIncome": "None", "operatingIncome": "577055000", "otherOperatingExpense": "0", "interestExpense": "307146000", "taxProvision": "None", "interestIncome": "None", "netInterestIncome": "None", "extraordinaryItems": "0", "nonRecurring": "0", "otherItems": "0", "incomeTaxExpense": "46658000", "totalOtherIncomeExpense": "0", "discontinuedOperations": "0", "netIncomeFromContinuingOperations": "0", "netIncomeApplicableToCommonShares": "293917000", "preferredStockAndOtherAdjustments": "None"}, {"fiscalDateEnding": "2015-06-30", "reportedCurrency": "USD", "totalRevenue": "1330077000", "totalOperatingExpense": "0", "costOfRevenue": "246183000", "grossProfit": "0", "ebit": "0", "netIncome": "309109000", "researchAndDevelopment": "0", "effectOfAccountingCharges": "0", "incomeBeforeTax": "356538000", "minorityInterest": "0", "sellingGeneralAdministrative": "91458000", "otherNonOperatingIncome": "None", "operatingIncome": "527129000", "otherOperatingExpense": "0", "interestExpense": "280558000", "taxProvision": "None", "interestIncome": "None", "netInterestIncome": "None", "extraordinaryItems": "0", "nonRecurring": "0", "otherItems": "0", "incomeTaxExpense": "47846000", "totalOtherIncomeExpense": "0", "discontinuedOperations": "0", "netIncomeFromContinuingOperations": "0", "netIncomeApplicableToCommonShares": "309109000", "preferredStockAndOtherAdjustments": "None"}]}