{"symbol": "AERI", "annualReports": [{"fiscalDateEnding": "2019-12-31", "reportedCurrency": "USD", "totalRevenue": "69888000", "totalOperatingExpense": "-229780000", "costOfRevenue": "-27600000", "grossProfit": "97488000", "ebit": "-199671000", "netIncome": "-199581000", "researchAndDevelopment": "-91378000", "effectOfAccountingCharges": "None", "incomeBeforeTax": "-199671000", "minorityInterest": "None", "sellingGeneralAdministrative": "-138402000", "otherNonOperatingIncome": "-12179000", "operatingIncome": "-187492000", "otherOperatingExpense": "None", "interestExpense": "15255000", "taxProvision": "-90000", "interestIncome": "2970000", "netInterestIncome": "-12285000", "extraordinaryItems": "None", "nonRecurring": "None", "otherItems": "None", "incomeTaxExpense": "-90000", "totalOtherIncomeExpense": "106000", "discontinuedOperations": "None", "netIncomeFromContinuingOperations": "-199581000", "netIncomeApplicableToCommonShares": "-199581000", "preferredStockAndOtherAdjustments": "None"}, {"fiscalDateEnding": "2018-12-31", "reportedCurrency": "USD", "totalRevenue": "24181000", "totalOperatingExpense": "-206737000", "costOfRevenue": "-27186000", "grossProfit": "51367000", "ebit": "-232566000", "netIncome": "-232569000", "researchAndDevelopment": "-86123000", "effectOfAccountingCharges": "None", "incomeBeforeTax": "-232566000", "minorityInterest": "None", "sellingGeneralAdministrative": "-120614000", "otherNonOperatingIncome": "-22824000", "operatingIncome": "-209742000", "otherOperatingExpense": "None", "interestExpense": "2531000", "taxProvision": "3000", "interestIncome": "3429000", "netInterestIncome": "898000", "extraordinaryItems": "None", "nonRecurring": "None", "otherItems": "None", "incomeTaxExpense": "3000", "totalOtherIncomeExpense": "-23722000", "discontinuedOperations": "None", "netIncomeFromContinuingOperations": "-232569000", "netIncomeApplicableToCommonShares": "-232569000", "preferredStockAndOtherAdjustments": "None"}, {"fiscalDateEnding": "2017-12-31", "reportedCurrency": "USD", "totalRevenue": "0", "totalOperatingExpense": "-145693000", "costOfRevenue": "16710000", "grossProfit": "-16710000", "ebit": "-146863000", "netIncome": "-145105000", "researchAndDevelopment": "-72078000", "effectOfAccountingCharges": "None", "incomeBeforeTax": "-146863000", "minorityInterest": "None", "sellingGeneralAdministrative": "-73615000", "otherNonOperatingIncome": "-1170000", "operatingIncome": "-145693000", "otherOperatingExpense": "None", "interestExpense": "2368000", "taxProvision": "-1758000", "interestIncome": "1753000", "netInterestIncome": "-615000", "extraordinaryItems": "None", "nonRecurring": "None", "otherItems": "None", "incomeTaxExpense": "-1758000", "totalOtherIncomeExpense": "-555000", "discontinuedOperations": "None", "netIncomeFromContinuingOperations": "-145105000", "netIncomeApplicableToCommonShares": "-145105000", "preferredStockAndOtherAdjustments": "None"}, {"fiscalDateEnding": "2016-12-31", "reportedCurrency": "USD", "totalRevenue": "0", "totalOperatingExpense": "96872000", "costOfRevenue": "9772000", "grossProfit": "-9772000", "ebit": "-98866000", "netIncome": "-99059000", "researchAndDevelopment": "52394000", "effectOfAccountingCharges": "None", "incomeBeforeTax": "-98866000", "minorityInterest": "None", "sellingGeneralAdministrative": "44478000", "otherNonOperatingIncome": "-1994000", "operatingIncome": "-96872000", "otherOperatingExpense": "None", "interestExpense": "2537000", "taxProvision": "193000", "interestIncome": "None", "netInterestIncome": "-2537000", "extraordinaryItems": "None", "nonRecurring": "None", "otherItems": "None", "incomeTaxExpense": "193000", "totalOtherIncomeExpense": "543000", "discontinuedOperations": "None", "netIncomeFromContinuingOperations": "-99059000", "netIncomeApplicableToCommonShares": "-99059000", "preferredStockAndOtherAdjustments": "None"}, {"fiscalDateEnding": "2015-12-31", "reportedCurrency": "USD", "totalRevenue": "0", "totalOperatingExpense": "75086000", "costOfRevenue": "0", "grossProfit": "0", "ebit": "-74224000", "netIncome": "-74363000", "researchAndDevelopment": "44451000", "effectOfAccountingCharges": "None", "incomeBeforeTax": "-74224000", "minorityInterest": "None", "sellingGeneralAdministrative": "30635000", "otherNonOperatingIncome": "862000", "operatingIncome": "-75086000", "otherOperatingExpense": "None", "interestExpense": "-2493000", "taxProvision": "None", "interestIncome": "None", "netInterestIncome": "None", "extraordinaryItems": "None", "nonRecurring": "None", "otherItems": "None", "incomeTaxExpense": "139000", "totalOtherIncomeExpense": "862000", "discontinuedOperations": "None", "netIncomeFromContinuingOperations": "-74363000", "netIncomeApplicableToCommonShares": "-74363000", "preferredStockAndOtherAdjustments": "None"}], "quarterlyReports": [{"fiscalDateEnding": "2020-06-30", "reportedCurrency": "USD", "totalRevenue": "18033000", "totalOperatingExpense": "53260000", "costOfRevenue": "7326000", "grossProfit": "10707000", "ebit": "-48187000", "netIncome": "-48187000", "researchAndDevelopment": "19943000", "effectOfAccountingCharges": "None", "incomeBeforeTax": "-48187000", "minorityInterest": "None", "sellingGeneralAdministrative": "33237000", "otherNonOperatingIncome": "-5634000", "operatingIncome": "-42553000", "otherOperatingExpense": "80000", "interestExpense": "6513000", "taxProvision": "0", "interestIncome": "524000", "netInterestIncome": "-5989000", "extraordinaryItems": "None", "nonRecurring": "None", "otherItems": "None", "incomeTaxExpense": "None", "totalOtherIncomeExpense": "355000", "discontinuedOperations": "None", "netIncomeFromContinuingOperations": "-48187000", "netIncomeApplicableToCommonShares": "-48187000", "preferredStockAndOtherAdjustments": "None"}, {"fiscalDateEnding": "2020-03-31", "reportedCurrency": "USD", "totalRevenue": "20341000", "totalOperatingExpense": "58189000", "costOfRevenue": "6092000", "grossProfit": "14249000", "ebit": "-49162000", "netIncome": "-49129000", "researchAndDevelopment": "19173000", "effectOfAccountingCharges": "None", "incomeBeforeTax": "-49162000", "minorityInterest": "None", "sellingGeneralAdministrative": "36902000", "otherNonOperatingIncome": "-5222000", "operatingIncome": "-43940000", "otherOperatingExpense": "2114000", "interestExpense": "6375000", "taxProvision": "-33000", "interestIncome": "1096000", "netInterestIncome": "-5279000", "extraordinaryItems": "None", "nonRecurring": "None", "otherItems": "None", "incomeTaxExpense": "-33000", "totalOtherIncomeExpense": "57000", "discontinuedOperations": "None", "netIncomeFromContinuingOperations": "-49129000", "netIncomeApplicableToCommonShares": "-49129000", "preferredStockAndOtherAdjustments": "None"}, {"fiscalDateEnding": "2019-12-31", "reportedCurrency": "USD", "totalRevenue": "24657000", "totalOperatingExpense": "-393299000", "costOfRevenue": "-46866000", "grossProfit": "71523000", "ebit": "-55064000", "netIncome": "-55064000", "researchAndDevelopment": "-151962000", "effectOfAccountingCharges": "None", "incomeBeforeTax": "-55064000", "minorityInterest": "None", "sellingGeneralAdministrative": "-241337000", "otherNonOperatingIncome": "-5126000", "operatingIncome": "-49938000", "otherOperatingExpense": "None", "interestExpense": "6294000", "taxProvision": "0", "interestIncome": "1142000", "netInterestIncome": "-5152000", "extraordinaryItems": "None", "nonRecurring": "None", "otherItems": "None", "incomeTaxExpense": "None", "totalOtherIncomeExpense": "26000", "discontinuedOperations": "None", "netIncomeFromContinuingOperations": "-55064000", "netIncomeApplicableToCommonShares": "-55064000", "preferredStockAndOtherAdjustments": "None"}, {"fiscalDateEnding": "2019-09-30", "reportedCurrency": "USD", "totalRevenue": "18544000", "totalOperatingExpense": "53967000", "costOfRevenue": "7904000", "grossProfit": "10640000", "ebit": "-49402000", "netIncome": "-49402000", "researchAndDevelopment": "21796000", "effectOfAccountingCharges": "None", "incomeBeforeTax": "-49402000", "minorityInterest": "None", "sellingGeneralAdministrative": "32171000", "otherNonOperatingIncome": "-6075000", "operatingIncome": "-43327000", "otherOperatingExpense": "None", "interestExpense": "6604000", "taxProvision": "0", "interestIncome": "476000", "netInterestIncome": "-6128000", "extraordinaryItems": "None", "nonRecurring": "None", "otherItems": "None", "incomeTaxExpense": "None", "totalOtherIncomeExpense": "53000", "discontinuedOperations": "None", "netIncomeFromContinuingOperations": "-49402000", "netIncomeApplicableToCommonShares": "-49402000", "preferredStockAndOtherAdjustments": "None"}, {"fiscalDateEnding": "2019-06-30", "reportedCurrency": "USD", "totalRevenue": "15835000", "totalOperatingExpense": "55386000", "costOfRevenue": "6524000", "grossProfit": "9311000", "ebit": "-47164000", "netIncome": "-47164000", "researchAndDevelopment": "20904000", "effectOfAccountingCharges": "None", "incomeBeforeTax": "-47164000", "minorityInterest": "None", "sellingGeneralAdministrative": "34482000", "otherNonOperatingIncome": "-1089000", "operatingIncome": "-46075000", "otherOperatingExpense": "None", "interestExpense": "1559000", "taxProvision": "0", "interestIncome": "540000", "netInterestIncome": "-1019000", "extraordinaryItems": "None", "nonRecurring": "None", "otherItems": "None", "incomeTaxExpense": "None", "totalOtherIncomeExpense": "-70000", "discontinuedOperations": "None", "netIncomeFromContinuingOperations": "-47164000", "netIncomeApplicableToCommonShares": "-47164000", "preferredStockAndOtherAdjustments": "None"}, {"fiscalDateEnding": "2019-03-31", "reportedCurrency": "USD", "totalRevenue": "10852000", "totalOperatingExpense": "54166000", "costOfRevenue": "4838000", "grossProfit": "6014000", "ebit": "-48041000", "netIncome": "-47951000", "researchAndDevelopment": "17884000", "effectOfAccountingCharges": "None", "incomeBeforeTax": "-48041000", "minorityInterest": "None", "sellingGeneralAdministrative": "36282000", "otherNonOperatingIncome": "111000", "operatingIncome": "-48152000", "otherOperatingExpense": "None", "interestExpense": "798000", "taxProvision": "-90000", "interestIncome": "14000", "netInterestIncome": "14000", "extraordinaryItems": "None", "nonRecurring": "None", "otherItems": "None", "incomeTaxExpense": "-90000", "totalOtherIncomeExpense": "97000", "discontinuedOperations": "None", "netIncomeFromContinuingOperations": "-47951000", "netIncomeApplicableToCommonShares": "-47951000", "preferredStockAndOtherAdjustments": "None"}, {"fiscalDateEnding": "2018-12-31", "reportedCurrency": "USD", "totalRevenue": "14456000", "totalOperatingExpense": "-292425000", "costOfRevenue": "-27450000", "grossProfit": "41906000", "ebit": "-51458000", "netIncome": "-51458000", "researchAndDevelopment": "-119810000", "effectOfAccountingCharges": "0", "incomeBeforeTax": "-51458000", "minorityInterest": "0", "sellingGeneralAdministrative": "-172615000", "otherNonOperatingIncome": "467000", "operatingIncome": "-51925000", "otherOperatingExpense": "0", "interestExpense": "-799000", "taxProvision": "None", "interestIncome": "None", "netInterestIncome": "None", "extraordinaryItems": "0", "nonRecurring": "0", "otherItems": "0", "incomeTaxExpense": "3000", "totalOtherIncomeExpense": "467000", "discontinuedOperations": "0", "netIncomeFromContinuingOperations": "-51458000", "netIncomeApplicableToCommonShares": "-51458000", "preferredStockAndOtherAdjustments": "None"}, {"fiscalDateEnding": "2018-09-30", "reportedCurrency": "USD", "totalRevenue": "7302000", "totalOperatingExpense": "68435000", "costOfRevenue": "205000", "grossProfit": "7097000", "ebit": "-85388000", "netIncome": "-85388000", "researchAndDevelopment": "28502000", "effectOfAccountingCharges": "0", "incomeBeforeTax": "-85388000", "minorityInterest": "0", "sellingGeneralAdministrative": "39933000", "otherNonOperatingIncome": "-24050000", "operatingIncome": "-61338000", "otherOperatingExpense": "0", "interestExpense": "-763000", "taxProvision": "None", "interestIncome": "None", "netInterestIncome": "None", "extraordinaryItems": "0", "nonRecurring": "0", "otherItems": "0", "incomeTaxExpense": "-3000", "totalOtherIncomeExpense": "-24050000", "discontinuedOperations": "0", "netIncomeFromContinuingOperations": "-85388000", "netIncomeApplicableToCommonShares": "-85388000", "preferredStockAndOtherAdjustments": "None"}, {"fiscalDateEnding": "2018-06-30", "reportedCurrency": "USD", "totalRevenue": "2423000", "totalOperatingExpense": "58048000", "costOfRevenue": "59000", "grossProfit": "2364000", "ebit": "-55021000", "netIncome": "-55024000", "researchAndDevelopment": "18157000", "effectOfAccountingCharges": "0", "incomeBeforeTax": "-55021000", "minorityInterest": "0", "sellingGeneralAdministrative": "39891000", "otherNonOperatingIncome": "663000", "operatingIncome": "-55684000", "otherOperatingExpense": "0", "interestExpense": "-462000", "taxProvision": "None", "interestIncome": "None", "netInterestIncome": "None", "extraordinaryItems": "0", "nonRecurring": "0", "otherItems": "0", "incomeTaxExpense": "3000", "totalOtherIncomeExpense": "663000", "discontinuedOperations": "0", "netIncomeFromContinuingOperations": "-55024000", "netIncomeApplicableToCommonShares": "-55024000", "preferredStockAndOtherAdjustments": "None"}, {"fiscalDateEnding": "2018-03-31", "reportedCurrency": "USD", "totalRevenue": "0", "totalOperatingExpense": "-40795000", "costOfRevenue": "40308000", "grossProfit": "0", "ebit": "-40699000", "netIncome": "-40699000", "researchAndDevelopment": "-12972000", "effectOfAccountingCharges": "0", "incomeBeforeTax": "-40699000", "minorityInterest": "0", "sellingGeneralAdministrative": "-27823000", "otherNonOperatingIncome": "96000", "operatingIncome": "-40795000", "otherOperatingExpense": "0", "interestExpense": "-507000", "taxProvision": "None", "interestIncome": "None", "netInterestIncome": "None", "extraordinaryItems": "0", "nonRecurring": "0", "otherItems": "0", "incomeTaxExpense": "0", "totalOtherIncomeExpense": "96000", "discontinuedOperations": "0", "netIncomeFromContinuingOperations": "-40699000", "netIncomeApplicableToCommonShares": "-40699000", "preferredStockAndOtherAdjustments": "None"}, {"fiscalDateEnding": "2017-12-31", "reportedCurrency": "USD", "totalRevenue": "0", "totalOperatingExpense": "-111172000", "costOfRevenue": "16710000", "grossProfit": "-16710000", "ebit": "-60413000", "netIncome": "-58513000", "researchAndDevelopment": "-60009000", "effectOfAccountingCharges": "0", "incomeBeforeTax": "-60413000", "minorityInterest": "0", "sellingGeneralAdministrative": "-51163000", "otherNonOperatingIncome": "-99000", "operatingIncome": "-60314000", "otherOperatingExpense": "0", "interestExpense": "569000", "taxProvision": "None", "interestIncome": "None", "netInterestIncome": "None", "extraordinaryItems": "0", "nonRecurring": "0", "otherItems": "0", "incomeTaxExpense": "-1802000", "totalOtherIncomeExpense": "-1170000", "discontinuedOperations": "0", "netIncomeFromContinuingOperations": "-58611000", "netIncomeApplicableToCommonShares": "-58513000", "preferredStockAndOtherAdjustments": "None"}, {"fiscalDateEnding": "2017-09-30", "reportedCurrency": "USD", "totalRevenue": "0", "totalOperatingExpense": "-32182000", "costOfRevenue": "0", "grossProfit": "0", "ebit": "-32323000", "netIncome": "-32372000", "researchAndDevelopment": "-12408000", "effectOfAccountingCharges": "0", "incomeBeforeTax": "-32323000", "minorityInterest": "0", "sellingGeneralAdministrative": "-19774000", "otherNonOperatingIncome": "-141000", "operatingIncome": "-32182000", "otherOperatingExpense": "0", "interestExpense": "598000", "taxProvision": "None", "interestIncome": "None", "netInterestIncome": "None", "extraordinaryItems": "0", "nonRecurring": "0", "otherItems": "0", "incomeTaxExpense": "-49000", "totalOtherIncomeExpense": "0", "discontinuedOperations": "0", "netIncomeFromContinuingOperations": "-32274000", "netIncomeApplicableToCommonShares": "-32372000", "preferredStockAndOtherAdjustments": "None"}, {"fiscalDateEnding": "2017-06-30", "reportedCurrency": "USD", "totalRevenue": "0", "totalOperatingExpense": "-27768000", "costOfRevenue": "0", "grossProfit": "0", "ebit": "-28386000", "netIncome": "-28433000", "researchAndDevelopment": "-10615000", "effectOfAccountingCharges": "0", "incomeBeforeTax": "-28386000", "minorityInterest": "0", "sellingGeneralAdministrative": "-17153000", "otherNonOperatingIncome": "-618000", "operatingIncome": "-27768000", "otherOperatingExpense": "0", "interestExpense": "604000", "taxProvision": "None", "interestIncome": "None", "netInterestIncome": "None", "extraordinaryItems": "0", "nonRecurring": "0", "otherItems": "0", "incomeTaxExpense": "47000", "totalOtherIncomeExpense": "0", "discontinuedOperations": "0", "netIncomeFromContinuingOperations": "-28433000", "netIncomeApplicableToCommonShares": "-28433000", "preferredStockAndOtherAdjustments": "None"}, {"fiscalDateEnding": "2017-03-31", "reportedCurrency": "USD", "totalRevenue": "0", "totalOperatingExpense": "25429000", "costOfRevenue": "0", "grossProfit": "0", "ebit": "-25741000", "netIncome": "-25787000", "researchAndDevelopment": "10954000", "effectOfAccountingCharges": "0", "incomeBeforeTax": "-25741000", "minorityInterest": "0", "sellingGeneralAdministrative": "14475000", "otherNonOperatingIncome": "-312000", "operatingIncome": "-25429000", "otherOperatingExpense": "0", "interestExpense": "597000", "taxProvision": "None", "interestIncome": "None", "netInterestIncome": "None", "extraordinaryItems": "0", "nonRecurring": "0", "otherItems": "0", "incomeTaxExpense": "46000", "totalOtherIncomeExpense": "0", "discontinuedOperations": "0", "netIncomeFromContinuingOperations": "-25787000", "netIncomeApplicableToCommonShares": "-25787000", "preferredStockAndOtherAdjustments": "None"}, {"fiscalDateEnding": "2016-12-31", "reportedCurrency": "USD", "totalRevenue": "0", "totalOperatingExpense": "28757000", "costOfRevenue": "9772000", "grossProfit": "-9772000", "ebit": "-29261000", "netIncome": "-29322000", "researchAndDevelopment": "14093000", "effectOfAccountingCharges": "0", "incomeBeforeTax": "-29261000", "minorityInterest": "0", "sellingGeneralAdministrative": "14664000", "otherNonOperatingIncome": "-504000", "operatingIncome": "-28757000", "otherOperatingExpense": "0", "interestExpense": "627000", "taxProvision": "None", "interestIncome": "None", "netInterestIncome": "None", "extraordinaryItems": "0", "nonRecurring": "0", "otherItems": "0", "incomeTaxExpense": "61000", "totalOtherIncomeExpense": "-1994000", "discontinuedOperations": "0", "netIncomeFromContinuingOperations": "-29322000", "netIncomeApplicableToCommonShares": "-29322000", "preferredStockAndOtherAdjustments": "None"}, {"fiscalDateEnding": "2016-09-30", "reportedCurrency": "USD", "totalRevenue": "0", "totalOperatingExpense": "23315000", "costOfRevenue": "0", "grossProfit": "0", "ebit": "-23775000", "netIncome": "-23814000", "researchAndDevelopment": "12688000", "effectOfAccountingCharges": "0", "incomeBeforeTax": "-23775000", "minorityInterest": "0", "sellingGeneralAdministrative": "10627000", "otherNonOperatingIncome": "-460000", "operatingIncome": "-23315000", "otherOperatingExpense": "0", "interestExpense": "600000", "taxProvision": "None", "interestIncome": "None", "netInterestIncome": "None", "extraordinaryItems": "0", "nonRecurring": "0", "otherItems": "0", "incomeTaxExpense": "39000", "totalOtherIncomeExpense": "0", "discontinuedOperations": "0", "netIncomeFromContinuingOperations": "-23814000", "netIncomeApplicableToCommonShares": "-23814000", "preferredStockAndOtherAdjustments": "None"}, {"fiscalDateEnding": "2016-06-30", "reportedCurrency": "USD", "totalRevenue": "0", "totalOperatingExpense": "22690000", "costOfRevenue": "0", "grossProfit": "0", "ebit": "-23172000", "netIncome": "-23219000", "researchAndDevelopment": "13304000", "effectOfAccountingCharges": "0", "incomeBeforeTax": "-23172000", "minorityInterest": "0", "sellingGeneralAdministrative": "9386000", "otherNonOperatingIncome": "-482000", "operatingIncome": "-22690000", "otherOperatingExpense": "0", "interestExpense": "622000", "taxProvision": "None", "interestIncome": "None", "netInterestIncome": "None", "extraordinaryItems": "0", "nonRecurring": "0", "otherItems": "0", "incomeTaxExpense": "47000", "totalOtherIncomeExpense": "0", "discontinuedOperations": "0", "netIncomeFromContinuingOperations": "-23219000", "netIncomeApplicableToCommonShares": "-23219000", "preferredStockAndOtherAdjustments": "None"}, {"fiscalDateEnding": "2016-03-31", "reportedCurrency": "USD", "totalRevenue": "0", "totalOperatingExpense": "22110000", "costOfRevenue": "0", "grossProfit": "0", "ebit": "-22658000", "netIncome": "-22704000", "researchAndDevelopment": "12309000", "effectOfAccountingCharges": "0", "incomeBeforeTax": "-22658000", "minorityInterest": "0", "sellingGeneralAdministrative": "9801000", "otherNonOperatingIncome": "-548000", "operatingIncome": "-22110000", "otherOperatingExpense": "0", "interestExpense": "688000", "taxProvision": "None", "interestIncome": "None", "netInterestIncome": "None", "extraordinaryItems": "0", "nonRecurring": "0", "otherItems": "0", "incomeTaxExpense": "46000", "totalOtherIncomeExpense": "0", "discontinuedOperations": "0", "netIncomeFromContinuingOperations": "-22704000", "netIncomeApplicableToCommonShares": "-22704000", "preferredStockAndOtherAdjustments": "None"}, {"fiscalDateEnding": "2015-12-31", "reportedCurrency": "USD", "totalRevenue": "0", "totalOperatingExpense": "19950000", "costOfRevenue": "0", "grossProfit": "0", "ebit": "-20462000", "netIncome": "-20377000", "researchAndDevelopment": "12302000", "effectOfAccountingCharges": "0", "incomeBeforeTax": "-20462000", "minorityInterest": "0", "sellingGeneralAdministrative": "7648000", "otherNonOperatingIncome": "-512000", "operatingIncome": "-19950000", "otherOperatingExpense": "0", "interestExpense": "625000", "taxProvision": "None", "interestIncome": "None", "netInterestIncome": "None", "extraordinaryItems": "0", "nonRecurring": "0", "otherItems": "0", "incomeTaxExpense": "-85000", "totalOtherIncomeExpense": "862000", "discontinuedOperations": "0", "netIncomeFromContinuingOperations": "-20377000", "netIncomeApplicableToCommonShares": "-20377000", "preferredStockAndOtherAdjustments": "None"}, {"fiscalDateEnding": "2015-09-30", "reportedCurrency": "USD", "totalRevenue": "0", "totalOperatingExpense": "17366000", "costOfRevenue": "0", "grossProfit": "0", "ebit": "-17889000", "netIncome": "-17961000", "researchAndDevelopment": "9904000", "effectOfAccountingCharges": "0", "incomeBeforeTax": "-17889000", "minorityInterest": "0", "sellingGeneralAdministrative": "7462000", "otherNonOperatingIncome": "-523000", "operatingIncome": "-17366000", "otherOperatingExpense": "0", "interestExpense": "629000", "taxProvision": "None", "interestIncome": "None", "netInterestIncome": "None", "extraordinaryItems": "0", "nonRecurring": "0", "otherItems": "0", "incomeTaxExpense": "72000", "totalOtherIncomeExpense": "0", "discontinuedOperations": "0", "netIncomeFromContinuingOperations": "-17961000", "netIncomeApplicableToCommonShares": "-17961000", "preferredStockAndOtherAdjustments": "None"}, {"fiscalDateEnding": "2015-06-30", "reportedCurrency": "USD", "totalRevenue": "0", "totalOperatingExpense": "18129000", "costOfRevenue": "0", "grossProfit": "0", "ebit": "-18634000", "netIncome": "-18786000", "researchAndDevelopment": "10627000", "effectOfAccountingCharges": "0", "incomeBeforeTax": "-18634000", "minorityInterest": "0", "sellingGeneralAdministrative": "7502000", "otherNonOperatingIncome": "-505000", "operatingIncome": "-18129000", "otherOperatingExpense": "0", "interestExpense": "622000", "taxProvision": "None", "interestIncome": "None", "netInterestIncome": "None", "extraordinaryItems": "0", "nonRecurring": "0", "otherItems": "0", "incomeTaxExpense": "152000", "totalOtherIncomeExpense": "0", "discontinuedOperations": "0", "netIncomeFromContinuingOperations": "-18786000", "netIncomeApplicableToCommonShares": "-18786000", "preferredStockAndOtherAdjustments": "None"}]}