{"symbol": "AES", "annualReports": [{"fiscalDateEnding": "2019-12-31", "reportedCurrency": "USD", "totalRevenue": "10335000000", "totalOperatingExpense": "461000000", "costOfRevenue": "7840000000", "grossProfit": "2349000000", "ebit": "1734000000", "netIncome": "303000000", "researchAndDevelopment": "None", "effectOfAccountingCharges": "None", "incomeBeforeTax": "1001000000", "minorityInterest": "-175000000", "sellingGeneralAdministrative": "276000000", "otherNonOperatingIncome": "-154000000", "operatingIncome": "1888000000", "otherOperatingExpense": "None", "interestExpense": "1050000000", "taxProvision": "352000000", "interestIncome": "318000000", "netInterestIncome": "-732000000", "extraordinaryItems": "1000000", "nonRecurring": "185000000", "otherItems": "None", "incomeTaxExpense": "352000000", "totalOtherIncomeExpense": "-420000000", "discontinuedOperations": "1000000", "netIncomeFromContinuingOperations": "477000000", "netIncomeApplicableToCommonShares": "303000000", "preferredStockAndOtherAdjustments": "None"}, {"fiscalDateEnding": "2018-12-31", "reportedCurrency": "USD", "totalRevenue": "11033000000", "totalOperatingExpense": "458000000", "costOfRevenue": "8163000000", "grossProfit": "2573000000", "ebit": "3041000000", "netIncome": "1203000000", "researchAndDevelopment": "None", "effectOfAccountingCharges": "None", "incomeBeforeTax": "2018000000", "minorityInterest": "364000000", "sellingGeneralAdministrative": "250000000", "otherNonOperatingIncome": "926000000", "operatingIncome": "2115000000", "otherOperatingExpense": "None", "interestExpense": "1056000000", "taxProvision": "708000000", "interestIncome": "310000000", "netInterestIncome": "-746000000", "extraordinaryItems": "180000000", "nonRecurring": "208000000", "otherItems": "None", "incomeTaxExpense": "708000000", "totalOtherIncomeExpense": "390000000", "discontinuedOperations": "-9000000", "netIncomeFromContinuingOperations": "1349000000", "netIncomeApplicableToCommonShares": "1203000000", "preferredStockAndOtherAdjustments": "None"}, {"fiscalDateEnding": "2017-12-31", "reportedCurrency": "USD", "totalRevenue": "10039000000", "totalOperatingExpense": "809000000", "costOfRevenue": "8066000000", "grossProfit": "2464000000", "ebit": "1892000000", "netIncome": "-1161000000", "researchAndDevelopment": "0", "effectOfAccountingCharges": "None", "incomeBeforeTax": "771000000", "minorityInterest": "398000000", "sellingGeneralAdministrative": "272000000", "otherNonOperatingIncome": "237000000", "operatingIncome": "1655000000", "otherOperatingExpense": "None", "interestExpense": "1170000000", "taxProvision": "990000000", "interestIncome": "244000000", "netInterestIncome": "-926000000", "extraordinaryItems": "-693000000", "nonRecurring": "537000000", "otherItems": "None", "incomeTaxExpense": "990000000", "totalOtherIncomeExpense": "-552000000", "discontinuedOperations": "-18000000", "netIncomeFromContinuingOperations": "-148000000", "netIncomeApplicableToCommonShares": "-1161000000", "preferredStockAndOtherAdjustments": "None"}, {"fiscalDateEnding": "2016-12-31", "reportedCurrency": "USD", "totalRevenue": "12532000000", "totalOperatingExpense": "1393000000", "costOfRevenue": "11153000000", "grossProfit": "2433000000", "ebit": "1539000000", "netIncome": "-1130000000", "researchAndDevelopment": "0", "effectOfAccountingCharges": "None", "incomeBeforeTax": "137000000", "minorityInterest": "353000000", "sellingGeneralAdministrative": "297000000", "otherNonOperatingIncome": "499000000", "operatingIncome": "1040000000", "otherOperatingExpense": "None", "interestExpense": "1431000000", "taxProvision": "-188000000", "interestIncome": "464000000", "netInterestIncome": "-967000000", "extraordinaryItems": "-1110000000", "nonRecurring": "1096000000", "otherItems": "None", "incomeTaxExpense": "-188000000", "totalOtherIncomeExpense": "-1083000000", "discontinuedOperations": "-19000000", "netIncomeFromContinuingOperations": "361000000", "netIncomeApplicableToCommonShares": "-1130000000", "preferredStockAndOtherAdjustments": "None"}, {"fiscalDateEnding": "2015-12-31", "reportedCurrency": "USD", "totalRevenue": "15046000000", "totalOperatingExpense": "863000000", "costOfRevenue": "12097000000", "grossProfit": "2866000000", "ebit": "2580000000", "netIncome": "306000000", "researchAndDevelopment": "0", "effectOfAccountingCharges": "None", "incomeBeforeTax": "1122000000", "minorityInterest": "456000000", "sellingGeneralAdministrative": "261000000", "otherNonOperatingIncome": "577000000", "operatingIncome": "2003000000", "otherOperatingExpense": "None", "interestExpense": "1436000000", "taxProvision": "412000000", "interestIncome": "-783000000", "netInterestIncome": "None", "extraordinaryItems": "-12000000", "nonRecurring": "602000000", "otherItems": "None", "incomeTaxExpense": "465000000", "totalOtherIncomeExpense": "-1373000000", "discontinuedOperations": "-12000000", "netIncomeFromContinuingOperations": "762000000", "netIncomeApplicableToCommonShares": "306000000", "preferredStockAndOtherAdjustments": "None"}], "quarterlyReports": [{"fiscalDateEnding": "2020-06-30", "reportedCurrency": "USD", "totalRevenue": "2220000000", "totalOperatingExpense": "43000000", "costOfRevenue": "1693000000", "grossProfit": "524000000", "ebit": "331000000", "netIncome": "-83000000", "researchAndDevelopment": "None", "effectOfAccountingCharges": "None", "incomeBeforeTax": "105000000", "minorityInterest": "86000000", "sellingGeneralAdministrative": "43000000", "otherNonOperatingIncome": "-150000000", "operatingIncome": "481000000", "otherOperatingExpense": "None", "interestExpense": "218000000", "taxProvision": "113000000", "interestIncome": "64000000", "netInterestIncome": "-154000000", "extraordinaryItems": "None", "nonRecurring": "None", "otherItems": "None", "incomeTaxExpense": "113000000", "totalOtherIncomeExpense": "-225000000", "discontinuedOperations": "3000000", "netIncomeFromContinuingOperations": "-8000000", "netIncomeApplicableToCommonShares": "-83000000", "preferredStockAndOtherAdjustments": "None"}, {"fiscalDateEnding": "2020-03-31", "reportedCurrency": "USD", "totalRevenue": "2362000000", "totalOperatingExpense": "48000000", "costOfRevenue": "1831000000", "grossProfit": "507000000", "ebit": "527000000", "netIncome": "144000000", "researchAndDevelopment": "None", "effectOfAccountingCharges": "None", "incomeBeforeTax": "320000000", "minorityInterest": "85000000", "sellingGeneralAdministrative": "42000000", "otherNonOperatingIncome": "68000000", "operatingIncome": "459000000", "otherOperatingExpense": "None", "interestExpense": "233000000", "taxProvision": "89000000", "interestIncome": "70000000", "netInterestIncome": "-163000000", "extraordinaryItems": "None", "nonRecurring": "6000000", "otherItems": "None", "incomeTaxExpense": "89000000", "totalOtherIncomeExpense": "14000000", "discontinuedOperations": "3000000", "netIncomeFromContinuingOperations": "231000000", "netIncomeApplicableToCommonShares": "144000000", "preferredStockAndOtherAdjustments": "None"}, {"fiscalDateEnding": "2019-12-31", "reportedCurrency": "USD", "totalRevenue": "2450000000", "totalOperatingExpense": "174000000", "costOfRevenue": "1871000000", "grossProfit": "560000000", "ebit": "173000000", "netIncome": "-78000000", "researchAndDevelopment": "None", "effectOfAccountingCharges": "None", "incomeBeforeTax": "105000000", "minorityInterest": "-116000000", "sellingGeneralAdministrative": "105000000", "otherNonOperatingIncome": "-213000000", "operatingIncome": "386000000", "otherOperatingExpense": "None", "interestExpense": "262000000", "taxProvision": "50000000", "interestIncome": "76000000", "netInterestIncome": "-186000000", "extraordinaryItems": "None", "nonRecurring": "69000000", "otherItems": "None", "incomeTaxExpense": "50000000", "totalOtherIncomeExpense": "-209000000", "discontinuedOperations": "3000000", "netIncomeFromContinuingOperations": "-120000000", "netIncomeApplicableToCommonShares": "-78000000", "preferredStockAndOtherAdjustments": "None"}, {"fiscalDateEnding": "2019-09-30", "reportedCurrency": "USD", "totalRevenue": "2703000000", "totalOperatingExpense": "50000000", "costOfRevenue": "1924000000", "grossProfit": "701000000", "ebit": "600000000", "netIncome": "210000000", "researchAndDevelopment": "None", "effectOfAccountingCharges": "None", "incomeBeforeTax": "424000000", "minorityInterest": "-88000000", "sellingGeneralAdministrative": "50000000", "otherNonOperatingIncome": "-51000000", "operatingIncome": "651000000", "otherOperatingExpense": "None", "interestExpense": "250000000", "taxProvision": "130000000", "interestIncome": "81000000", "netInterestIncome": "-169000000", "extraordinaryItems": "None", "nonRecurring": "None", "otherItems": "None", "incomeTaxExpense": "130000000", "totalOtherIncomeExpense": "-67000000", "discontinuedOperations": "3000000", "netIncomeFromContinuingOperations": "298000000", "netIncomeApplicableToCommonShares": "210000000", "preferredStockAndOtherAdjustments": "None"}, {"fiscalDateEnding": "2019-06-30", "reportedCurrency": "USD", "totalRevenue": "2502000000", "totalOperatingExpense": "179000000", "costOfRevenue": "1981000000", "grossProfit": "502000000", "ebit": "378000000", "netIncome": "17000000", "researchAndDevelopment": "None", "effectOfAccountingCharges": "None", "incomeBeforeTax": "118000000", "minorityInterest": "-50000000", "sellingGeneralAdministrative": "63000000", "otherNonOperatingIncome": "55000000", "operatingIncome": "323000000", "otherOperatingExpense": "None", "interestExpense": "273000000", "taxProvision": "57000000", "interestIncome": "82000000", "netInterestIncome": "-191000000", "extraordinaryItems": "1000000", "nonRecurring": "116000000", "otherItems": "None", "incomeTaxExpense": "57000000", "totalOtherIncomeExpense": "-144000000", "discontinuedOperations": "1000000", "netIncomeFromContinuingOperations": "66000000", "netIncomeApplicableToCommonShares": "17000000", "preferredStockAndOtherAdjustments": "None"}, {"fiscalDateEnding": "2019-03-31", "reportedCurrency": "USD", "totalRevenue": "2680000000", "totalOperatingExpense": "58000000", "costOfRevenue": "2064000000", "grossProfit": "586000000", "ebit": "583000000", "netIncome": "154000000", "researchAndDevelopment": "None", "effectOfAccountingCharges": "None", "incomeBeforeTax": "354000000", "minorityInterest": "79000000", "sellingGeneralAdministrative": "58000000", "otherNonOperatingIncome": "55000000", "operatingIncome": "528000000", "otherOperatingExpense": "None", "interestExpense": "265000000", "taxProvision": "115000000", "interestIncome": "-190000000", "netInterestIncome": "-186000000", "extraordinaryItems": "None", "nonRecurring": "None", "otherItems": "None", "incomeTaxExpense": "115000000", "totalOtherIncomeExpense": "-188000000", "discontinuedOperations": "1000000", "netIncomeFromContinuingOperations": "233000000", "netIncomeApplicableToCommonShares": "154000000", "preferredStockAndOtherAdjustments": "None"}, {"fiscalDateEnding": "2018-12-31", "reportedCurrency": "USD", "totalRevenue": "-50000000", "totalOperatingExpense": "116000000", "costOfRevenue": "4060000000", "grossProfit": "646000000", "ebit": "569000000", "netIncome": "128000000", "researchAndDevelopment": "0", "effectOfAccountingCharges": "0", "incomeBeforeTax": "346000000", "minorityInterest": "680000000", "sellingGeneralAdministrative": "74000000", "otherNonOperatingIncome": "39000000", "operatingIncome": "530000000", "otherOperatingExpense": "0", "interestExpense": "257000000", "taxProvision": "None", "interestIncome": "None", "netInterestIncome": "None", "extraordinaryItems": "-12000000", "nonRecurring": "42000000", "otherItems": "0", "incomeTaxExpense": "199000000", "totalOtherIncomeExpense": "-223000000", "discontinuedOperations": "26000000", "netIncomeFromContinuingOperations": "155000000", "netIncomeApplicableToCommonShares": "128000000", "preferredStockAndOtherAdjustments": "None"}, {"fiscalDateEnding": "2018-09-30", "reportedCurrency": "USD", "totalRevenue": "2850000000", "totalOperatingExpense": "146000000", "costOfRevenue": "2166000000", "grossProfit": "671000000", "ebit": "583000000", "netIncome": "101000000", "researchAndDevelopment": "0", "effectOfAccountingCharges": "0", "incomeBeforeTax": "332000000", "minorityInterest": "-90000000", "sellingGeneralAdministrative": "72000000", "otherNonOperatingIncome": "58000000", "operatingIncome": "525000000", "otherOperatingExpense": "0", "interestExpense": "255000000", "taxProvision": "None", "interestIncome": "None", "netInterestIncome": "None", "extraordinaryItems": "0", "nonRecurring": "74000000", "otherItems": "0", "incomeTaxExpense": "146000000", "totalOtherIncomeExpense": "-290000000", "discontinuedOperations": "-4000000", "netIncomeFromContinuingOperations": "192000000", "netIncomeApplicableToCommonShares": "101000000", "preferredStockAndOtherAdjustments": "None"}, {"fiscalDateEnding": "2018-06-30", "reportedCurrency": "USD", "totalRevenue": "2740000000", "totalOperatingExpense": "131000000", "costOfRevenue": "1937000000", "grossProfit": "600000000", "ebit": "612000000", "netIncome": "290000000", "researchAndDevelopment": "0", "effectOfAccountingCharges": "0", "incomeBeforeTax": "342000000", "minorityInterest": "-128000000", "sellingGeneralAdministrative": "39000000", "otherNonOperatingIncome": "143000000", "operatingIncome": "469000000", "otherOperatingExpense": "0", "interestExpense": "263000000", "taxProvision": "None", "interestIncome": "None", "netInterestIncome": "None", "extraordinaryItems": "0", "nonRecurring": "92000000", "otherItems": "0", "incomeTaxExpense": "132000000", "totalOtherIncomeExpense": "-209000000", "discontinuedOperations": "-4000000", "netIncomeFromContinuingOperations": "224000000", "netIncomeApplicableToCommonShares": "290000000", "preferredStockAndOtherAdjustments": "None"}, {"fiscalDateEnding": "2018-03-31", "reportedCurrency": "USD", "totalRevenue": "5493000000", "totalOperatingExpense": "65000000", "costOfRevenue": "-2084000000", "grossProfit": "656000000", "ebit": "1277000000", "netIncome": "684000000", "researchAndDevelopment": "0", "effectOfAccountingCharges": "0", "incomeBeforeTax": "998000000", "minorityInterest": "-98000000", "sellingGeneralAdministrative": "65000000", "otherNonOperatingIncome": "686000000", "operatingIncome": "591000000", "otherOperatingExpense": "0", "interestExpense": "281000000", "taxProvision": "None", "interestIncome": "None", "netInterestIncome": "None", "extraordinaryItems": "0", "nonRecurring": "0", "otherItems": "0", "incomeTaxExpense": "231000000", "totalOtherIncomeExpense": "406000000", "discontinuedOperations": "-1000000", "netIncomeFromContinuingOperations": "778000000", "netIncomeApplicableToCommonShares": "684000000", "preferredStockAndOtherAdjustments": "None"}, {"fiscalDateEnding": "2017-12-31", "reportedCurrency": "USD", "totalRevenue": "-11255000000", "totalOperatingExpense": "300000000", "costOfRevenue": "8066000000", "grossProfit": "490000000", "ebit": "184000000", "netIncome": "-1342000000", "researchAndDevelopment": "0", "effectOfAccountingCharges": "0", "incomeBeforeTax": "24000000", "minorityInterest": "729000000", "sellingGeneralAdministrative": "23000000", "otherNonOperatingIncome": "-6000000", "operatingIncome": "190000000", "otherOperatingExpense": "0", "interestExpense": "136000000", "taxProvision": "None", "interestIncome": "None", "netInterestIncome": "None", "extraordinaryItems": "0", "nonRecurring": "277000000", "otherItems": "0", "incomeTaxExpense": "719000000", "totalOtherIncomeExpense": "-1429000000", "discontinuedOperations": "-18000000", "netIncomeFromContinuingOperations": "-657000000", "netIncomeApplicableToCommonShares": "-1342000000", "preferredStockAndOtherAdjustments": "None"}, {"fiscalDateEnding": "2017-09-30", "reportedCurrency": "USD", "totalRevenue": "7282000000", "totalOperatingExpense": "101000000", "costOfRevenue": "1749000000", "grossProfit": "711000000", "ebit": "706000000", "netIncome": "152000000", "researchAndDevelopment": "0", "effectOfAccountingCharges": "0", "incomeBeforeTax": "347000000", "minorityInterest": "-109000000", "sellingGeneralAdministrative": "99000000", "otherNonOperatingIncome": "96000000", "operatingIncome": "610000000", "otherOperatingExpense": "0", "interestExpense": "353000000", "taxProvision": "None", "interestIncome": "None", "netInterestIncome": "None", "extraordinaryItems": "0", "nonRecurring": "2000000", "otherItems": "0", "incomeTaxExpense": "110000000", "totalOtherIncomeExpense": "0", "discontinuedOperations": "-644000000", "netIncomeFromContinuingOperations": "261000000", "netIncomeApplicableToCommonShares": "152000000", "preferredStockAndOtherAdjustments": "None"}, {"fiscalDateEnding": "2017-06-30", "reportedCurrency": "USD", "totalRevenue": "6955000000", "totalOperatingExpense": "157000000", "costOfRevenue": "1699000000", "grossProfit": "670000000", "ebit": "560000000", "netIncome": "53000000", "researchAndDevelopment": "0", "effectOfAccountingCharges": "0", "incomeBeforeTax": "240000000", "minorityInterest": "-97000000", "sellingGeneralAdministrative": "67000000", "otherNonOperatingIncome": "47000000", "operatingIncome": "513000000", "otherOperatingExpense": "0", "interestExpense": "333000000", "taxProvision": "None", "interestIncome": "None", "netInterestIncome": "None", "extraordinaryItems": "0", "nonRecurring": "90000000", "otherItems": "0", "incomeTaxExpense": "92000000", "totalOtherIncomeExpense": "0", "discontinuedOperations": "-6000000", "netIncomeFromContinuingOperations": "150000000", "netIncomeApplicableToCommonShares": "53000000", "preferredStockAndOtherAdjustments": "None"}, {"fiscalDateEnding": "2017-03-31", "reportedCurrency": "USD", "totalRevenue": "7057000000", "totalOperatingExpense": "251000000", "costOfRevenue": "1733000000", "grossProfit": "593000000", "ebit": "442000000", "netIncome": "-24000000", "researchAndDevelopment": "0", "effectOfAccountingCharges": "0", "incomeBeforeTax": "160000000", "minorityInterest": "-125000000", "sellingGeneralAdministrative": "83000000", "otherNonOperatingIncome": "100000000", "operatingIncome": "342000000", "otherOperatingExpense": "0", "interestExpense": "348000000", "taxProvision": "None", "interestIncome": "None", "netInterestIncome": "None", "extraordinaryItems": "0", "nonRecurring": "168000000", "otherItems": "0", "incomeTaxExpense": "69000000", "totalOtherIncomeExpense": "0", "discontinuedOperations": "1000000", "netIncomeFromContinuingOperations": "98000000", "netIncomeApplicableToCommonShares": "-24000000", "preferredStockAndOtherAdjustments": "None"}, {"fiscalDateEnding": "2016-12-31", "reportedCurrency": "USD", "totalRevenue": "2247000000", "totalOperatingExpense": "743000000", "costOfRevenue": "8385000000", "grossProfit": "667000000", "ebit": "31000000", "netIncome": "-949000000", "researchAndDevelopment": "0", "effectOfAccountingCharges": "0", "incomeBeforeTax": "-295000000", "minorityInterest": "453000000", "sellingGeneralAdministrative": "120000000", "otherNonOperatingIncome": "107000000", "operatingIncome": "-76000000", "otherOperatingExpense": "0", "interestExpense": "323000000", "taxProvision": "None", "interestIncome": "None", "netInterestIncome": "None", "extraordinaryItems": "0", "nonRecurring": "623000000", "otherItems": "0", "incomeTaxExpense": "-178000000", "totalOtherIncomeExpense": "-1963000000", "discontinuedOperations": "-19000000", "netIncomeFromContinuingOperations": "-113000000", "netIncomeApplicableToCommonShares": "-949000000", "preferredStockAndOtherAdjustments": "None"}, {"fiscalDateEnding": "2016-09-30", "reportedCurrency": "USD", "totalRevenue": "7102000000", "totalOperatingExpense": "132000000", "costOfRevenue": "-2854000000", "grossProfit": "688000000", "ebit": "641000000", "netIncome": "175000000", "researchAndDevelopment": "0", "effectOfAccountingCharges": "0", "incomeBeforeTax": "294000000", "minorityInterest": "-57000000", "sellingGeneralAdministrative": "53000000", "otherNonOperatingIncome": "85000000", "operatingIncome": "556000000", "otherOperatingExpense": "0", "interestExpense": "354000000", "taxProvision": "None", "interestIncome": "None", "netInterestIncome": "None", "extraordinaryItems": "0", "nonRecurring": "79000000", "otherItems": "0", "incomeTaxExpense": "75000000", "totalOtherIncomeExpense": "0", "discontinuedOperations": "-1000000", "netIncomeFromContinuingOperations": "230000000", "netIncomeApplicableToCommonShares": "175000000", "preferredStockAndOtherAdjustments": "None"}, {"fiscalDateEnding": "2016-06-30", "reportedCurrency": "USD", "totalRevenue": "3241000000", "totalOperatingExpense": "303000000", "costOfRevenue": "2655000000", "grossProfit": "574000000", "ebit": "356000000", "netIncome": "-482000000", "researchAndDevelopment": "0", "effectOfAccountingCharges": "0", "incomeBeforeTax": "-22000000", "minorityInterest": "-95000000", "sellingGeneralAdministrative": "68000000", "otherNonOperatingIncome": "85000000", "operatingIncome": "271000000", "otherOperatingExpense": "0", "interestExpense": "390000000", "taxProvision": "None", "interestIncome": "None", "netInterestIncome": "None", "extraordinaryItems": "0", "nonRecurring": "235000000", "otherItems": "0", "incomeTaxExpense": "7000000", "totalOtherIncomeExpense": "0", "discontinuedOperations": "1000000", "netIncomeFromContinuingOperations": "-8000000", "netIncomeApplicableToCommonShares": "-482000000", "preferredStockAndOtherAdjustments": "None"}, {"fiscalDateEnding": "2016-03-31", "reportedCurrency": "USD", "totalRevenue": "3484000000", "totalOperatingExpense": "215000000", "costOfRevenue": "2967000000", "grossProfit": "504000000", "ebit": "511000000", "netIncome": "126000000", "researchAndDevelopment": "0", "effectOfAccountingCharges": "0", "incomeBeforeTax": "160000000", "minorityInterest": "52000000", "sellingGeneralAdministrative": "56000000", "otherNonOperatingIncome": "222000000", "operatingIncome": "289000000", "otherOperatingExpense": "0", "interestExpense": "364000000", "taxProvision": "None", "interestIncome": "None", "netInterestIncome": "None", "extraordinaryItems": "0", "nonRecurring": "159000000", "otherItems": "0", "incomeTaxExpense": "-92000000", "totalOtherIncomeExpense": "0", "discontinuedOperations": "-388000000", "netIncomeFromContinuingOperations": "252000000", "netIncomeApplicableToCommonShares": "126000000", "preferredStockAndOtherAdjustments": "None"}, {"fiscalDateEnding": "2015-12-31", "reportedCurrency": "USD", "totalRevenue": "3439000000", "totalOperatingExpense": "385000000", "costOfRevenue": "2682000000", "grossProfit": "718000000", "ebit": "581000000", "netIncome": "-85000000", "researchAndDevelopment": "0", "effectOfAccountingCharges": "0", "incomeBeforeTax": "237000000", "minorityInterest": "172000000", "sellingGeneralAdministrative": "59000000", "otherNonOperatingIncome": "248000000", "operatingIncome": "333000000", "otherOperatingExpense": "0", "interestExpense": "375000000", "taxProvision": "None", "interestIncome": "None", "netInterestIncome": "None", "extraordinaryItems": "0", "nonRecurring": "326000000", "otherItems": "0", "incomeTaxExpense": "204000000", "totalOtherIncomeExpense": "-1373000000", "discontinuedOperations": "-12000000", "netIncomeFromContinuingOperations": "41000000", "netIncomeApplicableToCommonShares": "-85000000", "preferredStockAndOtherAdjustments": "None"}, {"fiscalDateEnding": "2015-09-30", "reportedCurrency": "USD", "totalRevenue": "3734000000", "totalOperatingExpense": "294000000", "costOfRevenue": "3048000000", "grossProfit": "673000000", "ebit": "623000000", "netIncome": "180000000", "researchAndDevelopment": "0", "effectOfAccountingCharges": "0", "incomeBeforeTax": "166000000", "minorityInterest": "-23000000", "sellingGeneralAdministrative": "63000000", "otherNonOperatingIncome": "244000000", "operatingIncome": "379000000", "otherOperatingExpense": "0", "interestExpense": "388000000", "taxProvision": "None", "interestIncome": "None", "netInterestIncome": "None", "extraordinaryItems": "0", "nonRecurring": "231000000", "otherItems": "0", "incomeTaxExpense": "45000000", "totalOtherIncomeExpense": "0", "discontinuedOperations": "0", "netIncomeFromContinuingOperations": "203000000", "netIncomeApplicableToCommonShares": "180000000", "preferredStockAndOtherAdjustments": "None"}, {"fiscalDateEnding": "2015-06-30", "reportedCurrency": "USD", "totalRevenue": "3873000000", "totalOperatingExpense": "101000000", "costOfRevenue": "3104000000", "grossProfit": "754000000", "ebit": "679000000", "netIncome": "69000000", "researchAndDevelopment": "0", "effectOfAccountingCharges": "0", "incomeBeforeTax": "384000000", "minorityInterest": "195000000", "sellingGeneralAdministrative": "64000000", "otherNonOperatingIncome": "26000000", "operatingIncome": "653000000", "otherOperatingExpense": "0", "interestExpense": "310000000", "taxProvision": "None", "interestIncome": "None", "netInterestIncome": "None", "extraordinaryItems": "0", "nonRecurring": "37000000", "otherItems": "0", "incomeTaxExpense": "120000000", "totalOtherIncomeExpense": "0", "discontinuedOperations": "0", "netIncomeFromContinuingOperations": "264000000", "netIncomeApplicableToCommonShares": "69000000", "preferredStockAndOtherAdjustments": "None"}]}