{"symbol": "AESE", "annualReports": [{"fiscalDateEnding": "2019-12-31", "reportedCurrency": "USD", "totalRevenue": "26071995", "totalOperatingExpense": "40686742", "costOfRevenue": "11125053", "grossProfit": "14946942", "ebit": "-8773861", "netIncome": "-16738729", "researchAndDevelopment": "None", "effectOfAccountingCharges": "None", "incomeBeforeTax": "-16738729", "minorityInterest": "None", "sellingGeneralAdministrative": "22105903", "otherNonOperatingIncome": "None", "operatingIncome": "-14614747", "otherOperatingExpense": "None", "interestExpense": "1197127", "taxProvision": "None", "interestIncome": "-1212070", "netInterestIncome": "-1197127", "extraordinaryItems": "None", "nonRecurring": "None", "otherItems": "None", "incomeTaxExpense": "None", "totalOtherIncomeExpense": "-926855", "discontinuedOperations": "None", "netIncomeFromContinuingOperations": "-16738729", "netIncomeApplicableToCommonShares": "-16738729", "preferredStockAndOtherAdjustments": "None"}, {"fiscalDateEnding": "2018-12-31", "reportedCurrency": "USD", "totalRevenue": "0", "totalOperatingExpense": "823779", "costOfRevenue": "10194482", "grossProfit": "10408773", "ebit": "-823779", "netIncome": "1141199", "researchAndDevelopment": "0", "effectOfAccountingCharges": "0", "incomeBeforeTax": "1717072", "minorityInterest": "0", "sellingGeneralAdministrative": "823779", "otherNonOperatingIncome": "0", "operatingIncome": "-823779", "otherOperatingExpense": "0", "interestExpense": "-2117438", "taxProvision": "575873", "interestIncome": "2474344", "netInterestIncome": "2474344", "extraordinaryItems": "0", "nonRecurring": "0", "otherItems": "0", "incomeTaxExpense": "0", "totalOtherIncomeExpense": "66507", "discontinuedOperations": "0", "netIncomeFromContinuingOperations": "1141199", "netIncomeApplicableToCommonShares": "-30616098", "preferredStockAndOtherAdjustments": "0"}, {"fiscalDateEnding": "2017-12-31", "reportedCurrency": "USD", "totalRevenue": "13673006", "totalOperatingExpense": "31213838", "costOfRevenue": "12312478", "grossProfit": "1360528", "ebit": "-17540832", "netIncome": "-18087231", "researchAndDevelopment": "0", "effectOfAccountingCharges": "0", "incomeBeforeTax": "-18087231", "minorityInterest": "0", "sellingGeneralAdministrative": "14694417", "otherNonOperatingIncome": "0", "operatingIncome": "-17540832", "otherOperatingExpense": "0", "interestExpense": "-540370", "taxProvision": "67040", "interestIncome": "None", "netInterestIncome": "None", "extraordinaryItems": "0", "nonRecurring": "0", "otherItems": "0", "incomeTaxExpense": "0", "totalOtherIncomeExpense": "-546399", "discontinuedOperations": "0", "netIncomeFromContinuingOperations": "-18087231", "netIncomeApplicableToCommonShares": "-18087231", "preferredStockAndOtherAdjustments": "0"}, {"fiscalDateEnding": "2016-12-31", "reportedCurrency": "USD", "totalRevenue": "19860683", "totalOperatingExpense": "29190594", "costOfRevenue": "14377931", "grossProfit": "5482752", "ebit": "-9329911", "netIncome": "-9330056", "researchAndDevelopment": "0", "effectOfAccountingCharges": "0", "incomeBeforeTax": "-9330056", "minorityInterest": "0", "sellingGeneralAdministrative": "10003220", "otherNonOperatingIncome": "0", "operatingIncome": "-9329911", "otherOperatingExpense": "0", "interestExpense": "-145", "taxProvision": "None", "interestIncome": "None", "netInterestIncome": "None", "extraordinaryItems": "0", "nonRecurring": "0", "otherItems": "0", "incomeTaxExpense": "0", "totalOtherIncomeExpense": "-145", "discontinuedOperations": "0", "netIncomeFromContinuingOperations": "-9330056", "netIncomeApplicableToCommonShares": "-9330056", "preferredStockAndOtherAdjustments": "0"}], "quarterlyReports": [{"fiscalDateEnding": "2020-06-30", "reportedCurrency": "USD", "totalRevenue": "4582287", "totalOperatingExpense": "8217590", "costOfRevenue": "1811545", "grossProfit": "2770742", "ebit": "-8249991", "netIncome": "-10880729", "researchAndDevelopment": "None", "effectOfAccountingCharges": "None", "incomeBeforeTax": "-10880729", "minorityInterest": "None", "sellingGeneralAdministrative": "4299003", "otherNonOperatingIncome": "None", "operatingIncome": "-3635303", "otherOperatingExpense": "None", "interestExpense": "862906", "taxProvision": "None", "interestIncome": "None", "netInterestIncome": "-862906", "extraordinaryItems": "None", "nonRecurring": "None", "otherItems": "None", "incomeTaxExpense": "None", "totalOtherIncomeExpense": "-6382520", "discontinuedOperations": "None", "netIncomeFromContinuingOperations": "-10880729", "netIncomeApplicableToCommonShares": "-10880729", "preferredStockAndOtherAdjustments": "None"}, {"fiscalDateEnding": "2020-03-31", "reportedCurrency": "USD", "totalRevenue": "6045053", "totalOperatingExpense": "14139123", "costOfRevenue": "2441317", "grossProfit": "3603736", "ebit": "-6269064", "netIncome": "-8776469", "researchAndDevelopment": "None", "effectOfAccountingCharges": "None", "incomeBeforeTax": "-8776469", "minorityInterest": "None", "sellingGeneralAdministrative": "9548388", "otherNonOperatingIncome": "None", "operatingIncome": "-8094070", "otherOperatingExpense": "None", "interestExpense": "682940", "taxProvision": "None", "interestIncome": "-682940", "netInterestIncome": "-682940", "extraordinaryItems": "None", "nonRecurring": "None", "otherItems": "None", "incomeTaxExpense": "None", "totalOtherIncomeExpense": "541", "discontinuedOperations": "None", "netIncomeFromContinuingOperations": "-8776469", "netIncomeApplicableToCommonShares": "-8776469", "preferredStockAndOtherAdjustments": "None"}, {"fiscalDateEnding": "2019-12-31", "reportedCurrency": "USD", "totalRevenue": "6457060", "totalOperatingExpense": "11255656", "costOfRevenue": "3339994", "grossProfit": "3117066", "ebit": "-3507341", "netIncome": "-5819819", "researchAndDevelopment": "None", "effectOfAccountingCharges": "None", "incomeBeforeTax": "-5819819", "minorityInterest": "None", "sellingGeneralAdministrative": "6083092", "otherNonOperatingIncome": "None", "operatingIncome": "-4798596", "otherOperatingExpense": "None", "interestExpense": "678684", "taxProvision": "None", "interestIncome": "-693620", "netInterestIncome": "-678684", "extraordinaryItems": "None", "nonRecurring": "None", "otherItems": "None", "incomeTaxExpense": "None", "totalOtherIncomeExpense": "-342539", "discontinuedOperations": "None", "netIncomeFromContinuingOperations": "-5819819", "netIncomeApplicableToCommonShares": "-5819819", "preferredStockAndOtherAdjustments": "None"}, {"fiscalDateEnding": "2019-09-30", "reportedCurrency": "USD", "totalRevenue": "6041541", "totalOperatingExpense": "9859144", "costOfRevenue": "2552756", "grossProfit": "3488785", "ebit": "-2085816", "netIncome": "-4253472", "researchAndDevelopment": "None", "effectOfAccountingCharges": "None", "incomeBeforeTax": "-4253472", "minorityInterest": "None", "sellingGeneralAdministrative": "5417406", "otherNonOperatingIncome": "None", "operatingIncome": "-3817603", "otherOperatingExpense": "None", "interestExpense": "451553", "taxProvision": "None", "interestIncome": "-451550", "netInterestIncome": "-451553", "extraordinaryItems": "None", "nonRecurring": "None", "otherItems": "None", "incomeTaxExpense": "None", "totalOtherIncomeExpense": "15684", "discontinuedOperations": "None", "netIncomeFromContinuingOperations": "-4253472", "netIncomeApplicableToCommonShares": "-4253472", "preferredStockAndOtherAdjustments": "None"}, {"fiscalDateEnding": "2019-06-30", "reportedCurrency": "USD", "totalRevenue": "0", "totalOperatingExpense": "279455", "costOfRevenue": "4607300", "grossProfit": "8966090", "ebit": "-279455", "netIncome": "338704", "researchAndDevelopment": "0", "effectOfAccountingCharges": "0", "incomeBeforeTax": "538580", "minorityInterest": "0", "sellingGeneralAdministrative": "279455", "otherNonOperatingIncome": "0", "operatingIncome": "-279455", "otherOperatingExpense": "0", "interestExpense": "-66890", "taxProvision": "199876", "interestIncome": "824290", "netInterestIncome": "824290", "extraordinaryItems": "0", "nonRecurring": "0", "otherItems": "0", "incomeTaxExpense": "0", "totalOtherIncomeExpense": "-6255", "discontinuedOperations": "0", "netIncomeFromContinuingOperations": "338704", "netIncomeApplicableToCommonShares": "-2811286", "preferredStockAndOtherAdjustments": "0"}, {"fiscalDateEnding": "2019-03-31", "reportedCurrency": "USD", "totalRevenue": "6235050", "totalOperatingExpense": "297078", "costOfRevenue": "2643870", "grossProfit": "3591180", "ebit": "-297078", "netIncome": "-3854150", "researchAndDevelopment": "0", "effectOfAccountingCharges": "0", "incomeBeforeTax": "-3854150", "minorityInterest": "0", "sellingGeneralAdministrative": "4969820", "otherNonOperatingIncome": "0", "operatingIncome": "-3854150", "otherOperatingExpense": "0", "interestExpense": "-66890", "taxProvision": "186579", "interestIncome": "811335", "netInterestIncome": "811335", "extraordinaryItems": "0", "nonRecurring": "0", "otherItems": "0", "incomeTaxExpense": "0", "totalOtherIncomeExpense": "4733", "discontinuedOperations": "0", "netIncomeFromContinuingOperations": "332411", "netIncomeApplicableToCommonShares": "-3854150", "preferredStockAndOtherAdjustments": "0"}, {"fiscalDateEnding": "2018-12-31", "reportedCurrency": "USD", "totalRevenue": "5403959", "totalOperatingExpense": "9185260", "costOfRevenue": "2135749", "grossProfit": "3268210", "ebit": "-3781301", "netIncome": "-6642743", "researchAndDevelopment": "0", "effectOfAccountingCharges": "0", "incomeBeforeTax": "-6642743", "minorityInterest": "0", "sellingGeneralAdministrative": "5566822", "otherNonOperatingIncome": "0", "operatingIncome": "-3781301", "otherOperatingExpense": "0", "interestExpense": "-239822", "taxProvision": "177120", "interestIncome": "None", "netInterestIncome": "None", "extraordinaryItems": "0", "nonRecurring": "0", "otherItems": "0", "incomeTaxExpense": "0", "totalOtherIncomeExpense": "-2861442", "discontinuedOperations": "0", "netIncomeFromContinuingOperations": "-6642743", "netIncomeApplicableToCommonShares": "-6642743", "preferredStockAndOtherAdjustments": "0"}, {"fiscalDateEnding": "2018-09-30", "reportedCurrency": "USD", "totalRevenue": "None", "totalOperatingExpense": "None", "costOfRevenue": "None", "grossProfit": "None", "ebit": "None", "netIncome": "384650", "researchAndDevelopment": "None", "effectOfAccountingCharges": "None", "incomeBeforeTax": "540180", "minorityInterest": "None", "sellingGeneralAdministrative": "140870", "otherNonOperatingIncome": "None", "operatingIncome": "-140870", "otherOperatingExpense": "None", "interestExpense": "None", "taxProvision": "155530", "interestIncome": "None", "netInterestIncome": "None", "extraordinaryItems": "None", "nonRecurring": "None", "otherItems": "None", "incomeTaxExpense": "None", "totalOtherIncomeExpense": "None", "discontinuedOperations": "None", "netIncomeFromContinuingOperations": "None", "netIncomeApplicableToCommonShares": "-95940", "preferredStockAndOtherAdjustments": "None"}, {"fiscalDateEnding": "2018-06-30", "reportedCurrency": "USD", "totalRevenue": "4933027", "totalOperatingExpense": "10985630", "costOfRevenue": "3511917", "grossProfit": "1421110", "ebit": "-6052603", "netIncome": "-8632864", "researchAndDevelopment": "0", "effectOfAccountingCharges": "0", "incomeBeforeTax": "-11300708", "minorityInterest": "0", "sellingGeneralAdministrative": "5357623", "otherNonOperatingIncome": "0", "operatingIncome": "-6052603", "otherOperatingExpense": "0", "interestExpense": "-729414", "taxProvision": "148560", "interestIncome": "None", "netInterestIncome": "None", "extraordinaryItems": "0", "nonRecurring": "0", "otherItems": "0", "incomeTaxExpense": "0", "totalOtherIncomeExpense": "-5248105", "discontinuedOperations": "0", "netIncomeFromContinuingOperations": "-11300708", "netIncomeApplicableToCommonShares": "-8632864", "preferredStockAndOtherAdjustments": "0"}, {"fiscalDateEnding": "2018-03-31", "reportedCurrency": "USD", "totalRevenue": "3706321.54", "totalOperatingExpense": "0", "costOfRevenue": "2618355.92", "grossProfit": "1087965.62", "ebit": "-4485709.75", "netIncome": "-4782107.95", "researchAndDevelopment": "0", "effectOfAccountingCharges": "0", "incomeBeforeTax": "-4887548.98", "minorityInterest": "0", "sellingGeneralAdministrative": "4628960.74", "otherNonOperatingIncome": "0", "operatingIncome": "-4485709.75", "otherOperatingExpense": "0", "interestExpense": "-451936.81", "taxProvision": "94670", "interestIncome": "None", "netInterestIncome": "None", "extraordinaryItems": "0", "nonRecurring": "0", "otherItems": "0", "incomeTaxExpense": "0", "totalOtherIncomeExpense": "-401839.23", "discontinuedOperations": "0", "netIncomeFromContinuingOperations": "-4887548.98", "netIncomeApplicableToCommonShares": "-4782107.95", "preferredStockAndOtherAdjustments": "0"}, {"fiscalDateEnding": "2017-12-31", "reportedCurrency": "USD", "totalRevenue": "2683419.69", "totalOperatingExpense": "0", "costOfRevenue": "1383025.11", "grossProfit": "1300394.58", "ebit": "-3516825.83", "netIncome": "-3893681.15", "researchAndDevelopment": "0", "effectOfAccountingCharges": "0", "incomeBeforeTax": "-3893681.15", "minorityInterest": "0", "sellingGeneralAdministrative": "3955787.17", "otherNonOperatingIncome": "0", "operatingIncome": "-3516825.83", "otherOperatingExpense": "0", "interestExpense": "-325026.70", "taxProvision": "None", "interestIncome": "None", "netInterestIncome": "None", "extraordinaryItems": "0", "nonRecurring": "0", "otherItems": "0", "incomeTaxExpense": "0", "totalOtherIncomeExpense": "-376855.32", "discontinuedOperations": "0", "netIncomeFromContinuingOperations": "-3893681.15", "netIncomeApplicableToCommonShares": "-3893681.15", "preferredStockAndOtherAdjustments": "0"}]}