{"symbol": "AEY", "annualReports": [{"fiscalDateEnding": "2019-09-30", "reportedCurrency": "USD", "totalRevenue": "55118297", "totalOperatingExpense": "-42049661", "costOfRevenue": "46025775", "grossProfit": "9092522", "ebit": "-3968197", "netIncome": "-5302443", "researchAndDevelopment": "None", "effectOfAccountingCharges": "None", "incomeBeforeTax": "-4048099", "minorityInterest": "None", "sellingGeneralAdministrative": "13068636", "otherNonOperatingIncome": "7917", "operatingIncome": "-3976114", "otherOperatingExpense": "-55118297", "interestExpense": "79902", "taxProvision": "-13000", "interestIncome": "96411", "netInterestIncome": "16509", "extraordinaryItems": "-1267340", "nonRecurring": "None", "otherItems": "None", "incomeTaxExpense": "-13000", "totalOtherIncomeExpense": "-88494", "discontinuedOperations": "-1267344", "netIncomeFromContinuingOperations": "-4035099", "netIncomeApplicableToCommonShares": "-5302443", "preferredStockAndOtherAdjustments": "None"}, {"fiscalDateEnding": "2018-09-30", "reportedCurrency": "USD", "totalRevenue": "47413987", "totalOperatingExpense": "16416386", "costOfRevenue": "36191011", "grossProfit": "11222976", "ebit": "-5451968", "netIncome": "-7319856", "researchAndDevelopment": "None", "effectOfAccountingCharges": "None", "incomeBeforeTax": "-5683856", "minorityInterest": "None", "sellingGeneralAdministrative": "14325268", "otherNonOperatingIncome": "-258558", "operatingIncome": "-5193410", "otherOperatingExpense": "None", "interestExpense": "231888", "taxProvision": "1636000", "interestIncome": "0", "netInterestIncome": "-231888", "extraordinaryItems": "-1936160", "nonRecurring": "2091118", "otherItems": "None", "incomeTaxExpense": "1636000", "totalOtherIncomeExpense": "-2349676", "discontinuedOperations": "-1536159", "netIncomeFromContinuingOperations": "-7319856", "netIncomeApplicableToCommonShares": "-7319856", "preferredStockAndOtherAdjustments": "None"}, {"fiscalDateEnding": "2017-09-30", "reportedCurrency": "USD", "totalRevenue": "48713746", "totalOperatingExpense": "14664987", "costOfRevenue": "33903153", "grossProfit": "14810593", "ebit": "145606", "netIncome": "-98116", "researchAndDevelopment": "0", "effectOfAccountingCharges": "None", "incomeBeforeTax": "-244116", "minorityInterest": "None", "sellingGeneralAdministrative": "14664987", "otherNonOperatingIncome": "None", "operatingIncome": "145606", "otherOperatingExpense": "None", "interestExpense": "389722", "taxProvision": "-146000", "interestIncome": "0", "netInterestIncome": "-389722", "extraordinaryItems": "2357630", "nonRecurring": "None", "otherItems": "None", "incomeTaxExpense": "-146000", "totalOtherIncomeExpense": "-769394", "discontinuedOperations": "2357629", "netIncomeFromContinuingOperations": "-98116", "netIncomeApplicableToCommonShares": "-98116", "preferredStockAndOtherAdjustments": "None"}, {"fiscalDateEnding": "2016-09-30", "reportedCurrency": "USD", "totalRevenue": "38663264", "totalOperatingExpense": "12097022", "costOfRevenue": "26222381", "grossProfit": "12440883", "ebit": "709187", "netIncome": "294163", "researchAndDevelopment": "0", "effectOfAccountingCharges": "None", "incomeBeforeTax": "473163", "minorityInterest": "None", "sellingGeneralAdministrative": "12097022", "otherNonOperatingIncome": "365326", "operatingIncome": "343861", "otherOperatingExpense": "None", "interestExpense": "236024", "taxProvision": "179000", "interestIncome": "90686", "netInterestIncome": "-145338", "extraordinaryItems": "None", "nonRecurring": "None", "otherItems": "None", "incomeTaxExpense": "179000", "totalOtherIncomeExpense": "274640", "discontinuedOperations": "2357629", "netIncomeFromContinuingOperations": "294163", "netIncomeApplicableToCommonShares": "294163", "preferredStockAndOtherAdjustments": "None"}, {"fiscalDateEnding": "2015-09-30", "reportedCurrency": "USD", "totalRevenue": "43733620", "totalOperatingExpense": "-12722679", "costOfRevenue": "28434731", "grossProfit": "15298889", "ebit": "2576210", "netIncome": "1497900", "researchAndDevelopment": "0", "effectOfAccountingCharges": "None", "incomeBeforeTax": "2270900", "minorityInterest": "None", "sellingGeneralAdministrative": "-12722679", "otherNonOperatingIncome": "None", "operatingIncome": "2576210", "otherOperatingExpense": "None", "interestExpense": "-305310", "taxProvision": "773000", "interestIncome": "-305310", "netInterestIncome": "None", "extraordinaryItems": "None", "nonRecurring": "None", "otherItems": "None", "incomeTaxExpense": "773000", "totalOtherIncomeExpense": "-1005310", "discontinuedOperations": "None", "netIncomeFromContinuingOperations": "1497900", "netIncomeApplicableToCommonShares": "1497900", "preferredStockAndOtherAdjustments": "None"}], "quarterlyReports": [{"fiscalDateEnding": "2020-06-30", "reportedCurrency": "USD", "totalRevenue": "12021820", "totalOperatingExpense": "12511555", "costOfRevenue": "7851241", "grossProfit": "4170579", "ebit": "-854386", "netIncome": "23350", "researchAndDevelopment": "None", "effectOfAccountingCharges": "None", "incomeBeforeTax": "-1197214", "minorityInterest": "None", "sellingGeneralAdministrative": "2420629", "otherNonOperatingIncome": "None", "operatingIncome": "-489735", "otherOperatingExpense": "None", "interestExpense": "101327", "taxProvision": "-1220564", "interestIncome": "83544", "netInterestIncome": "-17783", "extraordinaryItems": "None", "nonRecurring": "None", "otherItems": "None", "incomeTaxExpense": "-1220564", "totalOtherIncomeExpense": "-689696", "discontinuedOperations": "None", "netIncomeFromContinuingOperations": "23350", "netIncomeApplicableToCommonShares": "23350", "preferredStockAndOtherAdjustments": "None"}, {"fiscalDateEnding": "2020-03-31", "reportedCurrency": "USD", "totalRevenue": "11959125", "totalOperatingExpense": "2309281", "costOfRevenue": "12397762", "grossProfit": "-438637", "ebit": "-14601963", "netIncome": "-14661081", "researchAndDevelopment": "None", "effectOfAccountingCharges": "None", "incomeBeforeTax": "-14661081", "minorityInterest": "None", "sellingGeneralAdministrative": "3079181", "otherNonOperatingIncome": "105080", "operatingIncome": "-14707043", "otherOperatingExpense": "-9484206", "interestExpense": "59118", "taxProvision": "0", "interestIncome": "86672", "netInterestIncome": "27554", "extraordinaryItems": "None", "nonRecurring": "8714306", "otherItems": "None", "incomeTaxExpense": "None", "totalOtherIncomeExpense": "-8695898", "discontinuedOperations": "None", "netIncomeFromContinuingOperations": "-14661081", "netIncomeApplicableToCommonShares": "-14661081", "preferredStockAndOtherAdjustments": "None"}, {"fiscalDateEnding": "2019-12-31", "reportedCurrency": "USD", "totalRevenue": "13962358", "totalOperatingExpense": "-8607655", "costOfRevenue": "10370376", "grossProfit": "3591982", "ebit": "-1709132", "netIncome": "-1717692", "researchAndDevelopment": "None", "effectOfAccountingCharges": "None", "incomeBeforeTax": "-1732692", "minorityInterest": "None", "sellingGeneralAdministrative": "3019403", "otherNonOperatingIncome": "53589", "operatingIncome": "-1762721", "otherOperatingExpense": "-11627058", "interestExpense": "23560", "taxProvision": "-15000", "interestIncome": "88631", "netInterestIncome": "65071", "extraordinaryItems": "None", "nonRecurring": "None", "otherItems": "None", "incomeTaxExpense": "-15000", "totalOtherIncomeExpense": "-35042", "discontinuedOperations": "None", "netIncomeFromContinuingOperations": "-1717692", "netIncomeApplicableToCommonShares": "-1717692", "preferredStockAndOtherAdjustments": "None"}, {"fiscalDateEnding": "2019-09-30", "reportedCurrency": "USD", "totalRevenue": "17858945", "totalOperatingExpense": "-7824748", "costOfRevenue": "9637282", "grossProfit": "-623689", "ebit": "-1746655", "netIncome": "-1562434", "researchAndDevelopment": "None", "effectOfAccountingCharges": "None", "incomeBeforeTax": "-1756059", "minorityInterest": "None", "sellingGeneralAdministrative": "1188845", "otherNonOperatingIncome": "65879", "operatingIncome": "-1812534", "otherOperatingExpense": "-9013593", "interestExpense": "9404", "taxProvision": "0", "interestIncome": "96411", "netInterestIncome": "85121", "extraordinaryItems": "None", "nonRecurring": "None", "otherItems": "None", "incomeTaxExpense": "-34000", "totalOtherIncomeExpense": "-30532", "discontinuedOperations": "159625", "netIncomeFromContinuingOperations": "-1722059", "netIncomeApplicableToCommonShares": "-1562434", "preferredStockAndOtherAdjustments": "None"}, {"fiscalDateEnding": "2019-06-30", "reportedCurrency": "USD", "totalRevenue": "17559315", "totalOperatingExpense": "-14244047", "costOfRevenue": "14248680", "grossProfit": "3310635", "ebit": "-74336", "netIncome": "-1485165", "researchAndDevelopment": "None", "effectOfAccountingCharges": "None", "incomeBeforeTax": "-100196", "minorityInterest": "None", "sellingGeneralAdministrative": "3315268", "otherNonOperatingIncome": "-69703", "operatingIncome": "-4633", "otherOperatingExpense": "-17559315", "interestExpense": "25860", "taxProvision": "-42000", "interestIncome": "-5850", "netInterestIncome": "-25860", "extraordinaryItems": "-1426970", "nonRecurring": "None", "otherItems": "None", "incomeTaxExpense": "-42000", "totalOtherIncomeExpense": "-69703", "discontinuedOperations": "-1426969", "netIncomeFromContinuingOperations": "-58196", "netIncomeApplicableToCommonShares": "-1485165", "preferredStockAndOtherAdjustments": "None"}, {"fiscalDateEnding": "2019-03-31", "reportedCurrency": "USD", "totalRevenue": "12889940", "totalOperatingExpense": "-12505260", "costOfRevenue": "13709089", "grossProfit": "3564014", "ebit": "-1192088", "netIncome": "-1215863", "researchAndDevelopment": "None", "effectOfAccountingCharges": "None", "incomeBeforeTax": "-1211863", "minorityInterest": "None", "sellingGeneralAdministrative": "4767843", "otherNonOperatingIncome": "11741", "operatingIncome": "-1203829", "otherOperatingExpense": "-17273103", "interestExpense": "19775", "taxProvision": "-143000", "interestIncome": "35220", "netInterestIncome": "-19775", "extraordinaryItems": "-4700", "nonRecurring": "None", "otherItems": "None", "incomeTaxExpense": "4000", "totalOtherIncomeExpense": "11741", "discontinuedOperations": "-4704", "netIncomeFromContinuingOperations": "-1215863", "netIncomeApplicableToCommonShares": "-1215863", "preferredStockAndOtherAdjustments": "None"}, {"fiscalDateEnding": "2018-12-31", "reportedCurrency": "USD", "totalRevenue": "11272286", "totalOperatingExpense": "-7475606", "costOfRevenue": "8430724", "grossProfit": "2841562", "ebit": "-955118", "netIncome": "-1038981", "researchAndDevelopment": "0", "effectOfAccountingCharges": "None", "incomeBeforeTax": "-979981", "minorityInterest": "None", "sellingGeneralAdministrative": "3796680", "otherNonOperatingIncome": "None", "operatingIncome": "-955118", "otherOperatingExpense": "-11272286", "interestExpense": "24863", "taxProvision": "172000", "interestIncome": "None", "netInterestIncome": "None", "extraordinaryItems": "164330", "nonRecurring": "None", "otherItems": "None", "incomeTaxExpense": "59000", "totalOtherIncomeExpense": "-24863", "discontinuedOperations": "-1426969", "netIncomeFromContinuingOperations": "-1038981", "netIncomeApplicableToCommonShares": "-1038981", "preferredStockAndOtherAdjustments": "None"}, {"fiscalDateEnding": "2018-09-30", "reportedCurrency": "USD", "totalRevenue": "10905795", "totalOperatingExpense": "4548788", "costOfRevenue": "9491972", "grossProfit": "1413823", "ebit": "-3134965", "netIncome": "-4846698", "researchAndDevelopment": "0", "effectOfAccountingCharges": "0", "incomeBeforeTax": "-3179698", "minorityInterest": "0", "sellingGeneralAdministrative": "3607729", "otherNonOperatingIncome": "None", "operatingIncome": "-3134965", "otherOperatingExpense": "0", "interestExpense": "44733", "taxProvision": "None", "interestIncome": "None", "netInterestIncome": "None", "extraordinaryItems": "0", "nonRecurring": "941059", "otherItems": "0", "incomeTaxExpense": "1667000", "totalOtherIncomeExpense": "-985792", "discontinuedOperations": "-1426969", "netIncomeFromContinuingOperations": "-4846698", "netIncomeApplicableToCommonShares": "-4846698", "preferredStockAndOtherAdjustments": "None"}, {"fiscalDateEnding": "2018-06-30", "reportedCurrency": "USD", "totalRevenue": "12573899", "totalOperatingExpense": "4791493", "costOfRevenue": "9490966", "grossProfit": "3082933", "ebit": "-1708560", "netIncome": "-1506699", "researchAndDevelopment": "0", "effectOfAccountingCharges": "0", "incomeBeforeTax": "-1753699", "minorityInterest": "0", "sellingGeneralAdministrative": "3641434", "otherNonOperatingIncome": "None", "operatingIncome": "-1708560", "otherOperatingExpense": "0", "interestExpense": "45139", "taxProvision": "None", "interestIncome": "None", "netInterestIncome": "None", "extraordinaryItems": "0", "nonRecurring": "1150059", "otherItems": "0", "incomeTaxExpense": "-247000", "totalOtherIncomeExpense": "-1195198", "discontinuedOperations": "0", "netIncomeFromContinuingOperations": "-1506699", "netIncomeApplicableToCommonShares": "-1506699", "preferredStockAndOtherAdjustments": "None"}, {"fiscalDateEnding": "2018-03-31", "reportedCurrency": "USD", "totalRevenue": "11649528", "totalOperatingExpense": "3429282", "costOfRevenue": "8304463", "grossProfit": "3345065", "ebit": "-342775", "netIncome": "-259697", "researchAndDevelopment": "0", "effectOfAccountingCharges": "0", "incomeBeforeTax": "-388697", "minorityInterest": "0", "sellingGeneralAdministrative": "3429282", "otherNonOperatingIncome": "-258558", "operatingIncome": "-84217", "otherOperatingExpense": "0", "interestExpense": "45922", "taxProvision": "None", "interestIncome": "None", "netInterestIncome": "None", "extraordinaryItems": "0", "nonRecurring": "0", "otherItems": "0", "incomeTaxExpense": "-129000", "totalOtherIncomeExpense": "-304480", "discontinuedOperations": "0", "netIncomeFromContinuingOperations": "-259697", "netIncomeApplicableToCommonShares": "-259697", "preferredStockAndOtherAdjustments": "None"}, {"fiscalDateEnding": "2017-12-31", "reportedCurrency": "USD", "totalRevenue": "12284765", "totalOperatingExpense": "3646823", "costOfRevenue": "8903610", "grossProfit": "3381155", "ebit": "-265668", "netIncome": "-706762", "researchAndDevelopment": "0", "effectOfAccountingCharges": "0", "incomeBeforeTax": "-361762", "minorityInterest": "0", "sellingGeneralAdministrative": "3646823", "otherNonOperatingIncome": "None", "operatingIncome": "-265668", "otherOperatingExpense": "0", "interestExpense": "96094", "taxProvision": "None", "interestIncome": "None", "netInterestIncome": "None", "extraordinaryItems": "0", "nonRecurring": "0", "otherItems": "0", "incomeTaxExpense": "345000", "totalOtherIncomeExpense": "-196094", "discontinuedOperations": "0", "netIncomeFromContinuingOperations": "-706762", "netIncomeApplicableToCommonShares": "-706762", "preferredStockAndOtherAdjustments": "None"}, {"fiscalDateEnding": "2017-09-30", "reportedCurrency": "USD", "totalRevenue": "12333174", "totalOperatingExpense": "3633711", "costOfRevenue": "9066590", "grossProfit": "3266584", "ebit": "-367127", "netIncome": "-259085", "researchAndDevelopment": "0", "effectOfAccountingCharges": "0", "incomeBeforeTax": "-477085", "minorityInterest": "0", "sellingGeneralAdministrative": "3633711", "otherNonOperatingIncome": "None", "operatingIncome": "-367127", "otherOperatingExpense": "0", "interestExpense": "109958", "taxProvision": "None", "interestIncome": "None", "netInterestIncome": "None", "extraordinaryItems": "0", "nonRecurring": "0", "otherItems": "0", "incomeTaxExpense": "-218000", "totalOtherIncomeExpense": "-703935", "discontinuedOperations": "0", "netIncomeFromContinuingOperations": "-259085", "netIncomeApplicableToCommonShares": "-259085", "preferredStockAndOtherAdjustments": "None"}, {"fiscalDateEnding": "2017-06-30", "reportedCurrency": "USD", "totalRevenue": "12989990", "totalOperatingExpense": "3757027", "costOfRevenue": "9234039", "grossProfit": "3755951", "ebit": "-1076", "netIncome": "-66863", "researchAndDevelopment": "0", "effectOfAccountingCharges": "0", "incomeBeforeTax": "-86863", "minorityInterest": "0", "sellingGeneralAdministrative": "3757027", "otherNonOperatingIncome": "None", "operatingIncome": "-1076", "otherOperatingExpense": "0", "interestExpense": "85787", "taxProvision": "None", "interestIncome": "None", "netInterestIncome": "None", "extraordinaryItems": "0", "nonRecurring": "0", "otherItems": "0", "incomeTaxExpense": "-20000", "totalOtherIncomeExpense": "108190", "discontinuedOperations": "0", "netIncomeFromContinuingOperations": "-66863", "netIncomeApplicableToCommonShares": "-66863", "preferredStockAndOtherAdjustments": "None"}, {"fiscalDateEnding": "2017-03-31", "reportedCurrency": "USD", "totalRevenue": "11294756", "totalOperatingExpense": "3677425", "costOfRevenue": "7530327", "grossProfit": "3764429", "ebit": "87004", "netIncome": "10671", "researchAndDevelopment": "0", "effectOfAccountingCharges": "0", "incomeBeforeTax": "-10329", "minorityInterest": "0", "sellingGeneralAdministrative": "3677425", "otherNonOperatingIncome": "None", "operatingIncome": "87004", "otherOperatingExpense": "0", "interestExpense": "97333", "taxProvision": "None", "interestIncome": "None", "netInterestIncome": "None", "extraordinaryItems": "0", "nonRecurring": "0", "otherItems": "0", "incomeTaxExpense": "-21000", "totalOtherIncomeExpense": "-193977", "discontinuedOperations": "0", "netIncomeFromContinuingOperations": "10671", "netIncomeApplicableToCommonShares": "10671", "preferredStockAndOtherAdjustments": "None"}, {"fiscalDateEnding": "2016-12-31", "reportedCurrency": "USD", "totalRevenue": "12095826", "totalOperatingExpense": "3596824", "costOfRevenue": "8072197", "grossProfit": "4023629", "ebit": "426805", "netIncome": "217161", "researchAndDevelopment": "None", "effectOfAccountingCharges": "None", "incomeBeforeTax": "330161", "minorityInterest": "None", "sellingGeneralAdministrative": "3596824", "otherNonOperatingIncome": "None", "operatingIncome": "426805", "otherOperatingExpense": "None", "interestExpense": "96644", "taxProvision": "None", "interestIncome": "None", "netInterestIncome": "None", "extraordinaryItems": "None", "nonRecurring": "None", "otherItems": "None", "incomeTaxExpense": "113000", "totalOtherIncomeExpense": "None", "discontinuedOperations": "None", "netIncomeFromContinuingOperations": "217161", "netIncomeApplicableToCommonShares": "217161", "preferredStockAndOtherAdjustments": "None"}, {"fiscalDateEnding": "2016-09-30", "reportedCurrency": "USD", "totalRevenue": "9766167", "totalOperatingExpense": "3109706", "costOfRevenue": "7141427", "grossProfit": "2624740", "ebit": "-253812", "netIncome": "-191547", "researchAndDevelopment": "0", "effectOfAccountingCharges": "0", "incomeBeforeTax": "-305547", "minorityInterest": "0", "sellingGeneralAdministrative": "3109706", "otherNonOperatingIncome": "231154", "operatingIncome": "-484966", "otherOperatingExpense": "0", "interestExpense": "51735", "taxProvision": "None", "interestIncome": "None", "netInterestIncome": "None", "extraordinaryItems": "0", "nonRecurring": "0", "otherItems": "0", "incomeTaxExpense": "-114000", "totalOtherIncomeExpense": "-20581", "discontinuedOperations": "0", "netIncomeFromContinuingOperations": "-191547", "netIncomeApplicableToCommonShares": "-191547", "preferredStockAndOtherAdjustments": "None"}, {"fiscalDateEnding": "2016-06-30", "reportedCurrency": "USD", "totalRevenue": "10060242", "totalOperatingExpense": "3062288", "costOfRevenue": "6594091", "grossProfit": "3466151", "ebit": "567307", "netIncome": "316086", "researchAndDevelopment": "0", "effectOfAccountingCharges": "0", "incomeBeforeTax": "513086", "minorityInterest": "0", "sellingGeneralAdministrative": "3062288", "otherNonOperatingIncome": "163444", "operatingIncome": "403863", "otherOperatingExpense": "0", "interestExpense": "54221", "taxProvision": "None", "interestIncome": "None", "netInterestIncome": "None", "extraordinaryItems": "0", "nonRecurring": "0", "otherItems": "0", "incomeTaxExpense": "197000", "totalOtherIncomeExpense": "-50117", "discontinuedOperations": "0", "netIncomeFromContinuingOperations": "316086", "netIncomeApplicableToCommonShares": "316086", "preferredStockAndOtherAdjustments": "None"}, {"fiscalDateEnding": "2016-03-31", "reportedCurrency": "USD", "totalRevenue": "10587187", "totalOperatingExpense": "3256403", "costOfRevenue": "7002575", "grossProfit": "3584612", "ebit": "298937", "netIncome": "145630", "researchAndDevelopment": "0", "effectOfAccountingCharges": "0", "incomeBeforeTax": "236630", "minorityInterest": "0", "sellingGeneralAdministrative": "3256403", "otherNonOperatingIncome": "-29272", "operatingIncome": "328209", "otherOperatingExpense": "0", "interestExpense": "62307", "taxProvision": "None", "interestIncome": "None", "netInterestIncome": "None", "extraordinaryItems": "0", "nonRecurring": "0", "otherItems": "0", "incomeTaxExpense": "91000", "totalOtherIncomeExpense": "0", "discontinuedOperations": "0", "netIncomeFromContinuingOperations": "145630", "netIncomeApplicableToCommonShares": "145630", "preferredStockAndOtherAdjustments": "None"}, {"fiscalDateEnding": "2015-12-31", "reportedCurrency": "USD", "totalRevenue": "8249668", "totalOperatingExpense": "2668625", "costOfRevenue": "5484288", "grossProfit": "2765380", "ebit": "96755", "netIncome": "23994", "researchAndDevelopment": "0", "effectOfAccountingCharges": "0", "incomeBeforeTax": "28994", "minorityInterest": "0", "sellingGeneralAdministrative": "2668625", "otherNonOperatingIncome": "None", "operatingIncome": "96755", "otherOperatingExpense": "0", "interestExpense": "67761", "taxProvision": "None", "interestIncome": "None", "netInterestIncome": "None", "extraordinaryItems": "0", "nonRecurring": "0", "otherItems": "0", "incomeTaxExpense": "5000", "totalOtherIncomeExpense": "0", "discontinuedOperations": "0", "netIncomeFromContinuingOperations": "23994", "netIncomeApplicableToCommonShares": "23994", "preferredStockAndOtherAdjustments": "None"}, {"fiscalDateEnding": "2015-09-30", "reportedCurrency": "USD", "totalRevenue": "9627532", "totalOperatingExpense": "-22803695", "costOfRevenue": "6548565", "grossProfit": "3078967", "ebit": "437304", "netIncome": "210588", "researchAndDevelopment": "0", "effectOfAccountingCharges": "0", "incomeBeforeTax": "367588", "minorityInterest": "0", "sellingGeneralAdministrative": "-22803695", "otherNonOperatingIncome": "None", "operatingIncome": "437304", "otherOperatingExpense": "0", "interestExpense": "-540904", "taxProvision": "None", "interestIncome": "None", "netInterestIncome": "None", "extraordinaryItems": "0", "nonRecurring": "0", "otherItems": "0", "incomeTaxExpense": "157000", "totalOtherIncomeExpense": "-1005310", "discontinuedOperations": "0", "netIncomeFromContinuingOperations": "210588", "netIncomeApplicableToCommonShares": "210588", "preferredStockAndOtherAdjustments": "None"}, {"fiscalDateEnding": "2015-06-30", "reportedCurrency": "USD", "totalRevenue": "11902391", "totalOperatingExpense": "3202402", "costOfRevenue": "7757784", "grossProfit": "4144607", "ebit": "942205", "netIncome": "637134", "researchAndDevelopment": "0", "effectOfAccountingCharges": "0", "incomeBeforeTax": "871134", "minorityInterest": "0", "sellingGeneralAdministrative": "3202402", "otherNonOperatingIncome": "None", "operatingIncome": "942205", "otherOperatingExpense": "0", "interestExpense": "71071", "taxProvision": "None", "interestIncome": "None", "netInterestIncome": "None", "extraordinaryItems": "0", "nonRecurring": "0", "otherItems": "0", "incomeTaxExpense": "234000", "totalOtherIncomeExpense": "0", "discontinuedOperations": "0", "netIncomeFromContinuingOperations": "637134", "netIncomeApplicableToCommonShares": "637134", "preferredStockAndOtherAdjustments": "None"}]}