{"symbol": "AEZS", "annualReports": [{"fiscalDateEnding": "2019-12-31", "reportedCurrency": "USD", "totalRevenue": "532000", "totalOperatingExpense": "10076000", "costOfRevenue": "410000", "grossProfit": "122000", "ebit": "-5322000", "netIncome": "-6042000", "researchAndDevelopment": "1837000", "effectOfAccountingCharges": "None", "incomeBeforeTax": "-6230000", "minorityInterest": "None", "sellingGeneralAdministrative": "7829000", "otherNonOperatingIncome": "None", "operatingIncome": "-9544000", "otherOperatingExpense": "169000", "interestExpense": "593000", "taxProvision": "-188000", "interestIncome": "4605000", "netInterestIncome": "-593000", "extraordinaryItems": "None", "nonRecurring": "None", "otherItems": "None", "incomeTaxExpense": "-188000", "totalOtherIncomeExpense": "3907000", "discontinuedOperations": "None", "netIncomeFromContinuingOperations": "-6042000", "netIncomeApplicableToCommonShares": "-6042000", "preferredStockAndOtherAdjustments": "None"}, {"fiscalDateEnding": "2018-12-31", "reportedCurrency": "USD", "totalRevenue": "26881000", "totalOperatingExpense": "17039000", "costOfRevenue": "2104000", "grossProfit": "24777000", "ebit": "9900000", "netIncome": "4187000", "researchAndDevelopment": "2932000", "effectOfAccountingCharges": "None", "incomeBeforeTax": "9639000", "minorityInterest": "None", "sellingGeneralAdministrative": "12003000", "otherNonOperatingIncome": "None", "operatingIncome": "9842000", "otherOperatingExpense": "169000", "interestExpense": "None", "taxProvision": "5452000", "interestIncome": "278000", "netInterestIncome": "278000", "extraordinaryItems": "None", "nonRecurring": "None", "otherItems": "None", "incomeTaxExpense": "5452000", "totalOtherIncomeExpense": "-481000", "discontinuedOperations": "None", "netIncomeFromContinuingOperations": "4187000", "netIncomeApplicableToCommonShares": "4187000", "preferredStockAndOtherAdjustments": "None"}, {"fiscalDateEnding": "2017-12-31", "reportedCurrency": "USD", "totalRevenue": "923000", "totalOperatingExpense": "23997000", "costOfRevenue": "20816000", "grossProfit": "923000", "ebit": "-22980000", "netIncome": "-16796000", "researchAndDevelopment": "10704000", "effectOfAccountingCharges": "None", "incomeBeforeTax": "-20275000", "minorityInterest": "None", "sellingGeneralAdministrative": "13293000", "otherNonOperatingIncome": "None", "operatingIncome": "-23074000", "otherOperatingExpense": "169000", "interestExpense": "None", "taxProvision": "-3479000", "interestIncome": "75000", "netInterestIncome": "75000", "extraordinaryItems": "None", "nonRecurring": "None", "otherItems": "None", "incomeTaxExpense": "-3479000", "totalOtherIncomeExpense": "2724000", "discontinuedOperations": "None", "netIncomeFromContinuingOperations": "-16796000", "netIncomeApplicableToCommonShares": "-16796000", "preferredStockAndOtherAdjustments": "None"}, {"fiscalDateEnding": "2016-12-31", "reportedCurrency": "USD", "totalRevenue": "911000", "totalOperatingExpense": "30387000", "costOfRevenue": "30076000", "grossProfit": "911000", "ebit": "-29196000", "netIncome": "-24959000", "researchAndDevelopment": "16495000", "effectOfAccountingCharges": "None", "incomeBeforeTax": "-24959000", "minorityInterest": "None", "sellingGeneralAdministrative": "13892000", "otherNonOperatingIncome": "None", "operatingIncome": "-29476000", "otherOperatingExpense": "169000", "interestExpense": "None", "taxProvision": "0", "interestIncome": "150000", "netInterestIncome": "150000", "extraordinaryItems": "None", "nonRecurring": "None", "otherItems": "None", "incomeTaxExpense": "0", "totalOtherIncomeExpense": "4367000", "discontinuedOperations": "None", "netIncomeFromContinuingOperations": "-24959000", "netIncomeApplicableToCommonShares": "-24959000", "preferredStockAndOtherAdjustments": "None"}, {"fiscalDateEnding": "2015-12-31", "reportedCurrency": "USD", "totalRevenue": "545000", "totalOperatingExpense": "35429000", "costOfRevenue": "0", "grossProfit": "545000", "ebit": "-34884000", "netIncome": "-50143000", "researchAndDevelopment": "17234000", "effectOfAccountingCharges": "None", "incomeBeforeTax": "-50228000", "minorityInterest": "None", "sellingGeneralAdministrative": "18195000", "otherNonOperatingIncome": "None", "operatingIncome": "-34884000", "otherOperatingExpense": "None", "interestExpense": "None", "taxProvision": "None", "interestIncome": "-15344000", "netInterestIncome": "None", "extraordinaryItems": "85000", "nonRecurring": "None", "otherItems": "None", "incomeTaxExpense": "0", "totalOtherIncomeExpense": "-15344000", "discontinuedOperations": "85000", "netIncomeFromContinuingOperations": "-50228000", "netIncomeApplicableToCommonShares": "-50143000", "preferredStockAndOtherAdjustments": "None"}], "quarterlyReports": [{"fiscalDateEnding": "2020-06-30", "reportedCurrency": "USD", "totalRevenue": "68000", "totalOperatingExpense": "1541000", "costOfRevenue": "12000", "grossProfit": "56000", "ebit": "-3409000", "netIncome": "-3450000", "researchAndDevelopment": "189000", "effectOfAccountingCharges": "None", "incomeBeforeTax": "-3450000", "minorityInterest": "None", "sellingGeneralAdministrative": "1340000", "otherNonOperatingIncome": "None", "operatingIncome": "-1473000", "otherOperatingExpense": "None", "interestExpense": "2000", "taxProvision": "None", "interestIncome": "None", "netInterestIncome": "-2000", "extraordinaryItems": "None", "nonRecurring": "None", "otherItems": "None", "incomeTaxExpense": "None", "totalOtherIncomeExpense": "-1975000", "discontinuedOperations": "None", "netIncomeFromContinuingOperations": "-3450000", "netIncomeApplicableToCommonShares": "-3450000", "preferredStockAndOtherAdjustments": "None"}, {"fiscalDateEnding": "2020-03-31", "reportedCurrency": "USD", "totalRevenue": "1090000", "totalOperatingExpense": "2553000", "costOfRevenue": "862000", "grossProfit": "228000", "ebit": "1195000", "netIncome": "779000", "researchAndDevelopment": "319000", "effectOfAccountingCharges": "None", "incomeBeforeTax": "779000", "minorityInterest": "None", "sellingGeneralAdministrative": "1372000", "otherNonOperatingIncome": "None", "operatingIncome": "-1463000", "otherOperatingExpense": "None", "interestExpense": "309000", "taxProvision": "None", "interestIncome": "2355000", "netInterestIncome": "-309000", "extraordinaryItems": "None", "nonRecurring": "None", "otherItems": "None", "incomeTaxExpense": "None", "totalOtherIncomeExpense": "2551000", "discontinuedOperations": "None", "netIncomeFromContinuingOperations": "779000", "netIncomeApplicableToCommonShares": "779000", "preferredStockAndOtherAdjustments": "None"}, {"fiscalDateEnding": "2019-12-31", "reportedCurrency": "USD", "totalRevenue": "18000", "totalOperatingExpense": "2301000", "costOfRevenue": "309000", "grossProfit": "-291000", "ebit": "-1204000", "netIncome": "-1006000", "researchAndDevelopment": "263000", "effectOfAccountingCharges": "None", "incomeBeforeTax": "-1194000", "minorityInterest": "None", "sellingGeneralAdministrative": "1729000", "otherNonOperatingIncome": "None", "operatingIncome": "-2283000", "otherOperatingExpense": "-169000", "interestExpense": "-10000", "taxProvision": "-188000", "interestIncome": "559000", "netInterestIncome": "10000", "extraordinaryItems": "None", "nonRecurring": "None", "otherItems": "None", "incomeTaxExpense": "-188000", "totalOtherIncomeExpense": "1079000", "discontinuedOperations": "None", "netIncomeFromContinuingOperations": "-1006000", "netIncomeApplicableToCommonShares": "-1006000", "preferredStockAndOtherAdjustments": "None"}, {"fiscalDateEnding": "2019-09-30", "reportedCurrency": "USD", "totalRevenue": "283000", "totalOperatingExpense": "2216000", "costOfRevenue": "0", "grossProfit": "283000", "ebit": "315000", "netIncome": "-331000", "researchAndDevelopment": "475000", "effectOfAccountingCharges": "None", "incomeBeforeTax": "-331000", "minorityInterest": "None", "sellingGeneralAdministrative": "1741000", "otherNonOperatingIncome": "None", "operatingIncome": "-1933000", "otherOperatingExpense": "-169000", "interestExpense": "646000", "taxProvision": "0", "interestIncome": "2123000", "netInterestIncome": "-646000", "extraordinaryItems": "None", "nonRecurring": "None", "otherItems": "None", "incomeTaxExpense": "None", "totalOtherIncomeExpense": "2248000", "discontinuedOperations": "None", "netIncomeFromContinuingOperations": "-331000", "netIncomeApplicableToCommonShares": "-331000", "preferredStockAndOtherAdjustments": "None"}, {"fiscalDateEnding": "2019-06-30", "reportedCurrency": "USD", "totalRevenue": "194000", "totalOperatingExpense": "3090000", "costOfRevenue": "101000", "grossProfit": "93000", "ebit": "-2826000", "netIncome": "206000", "researchAndDevelopment": "571000", "effectOfAccountingCharges": "None", "incomeBeforeTax": "206000", "minorityInterest": "None", "sellingGeneralAdministrative": "2418000", "otherNonOperatingIncome": "None", "operatingIncome": "-2896000", "otherOperatingExpense": "-169000", "interestExpense": "None", "taxProvision": "0", "interestIncome": "19000", "netInterestIncome": "19000", "extraordinaryItems": "None", "nonRecurring": "None", "otherItems": "None", "incomeTaxExpense": "None", "totalOtherIncomeExpense": "3083000", "discontinuedOperations": "None", "netIncomeFromContinuingOperations": "206000", "netIncomeApplicableToCommonShares": "206000", "preferredStockAndOtherAdjustments": "None"}, {"fiscalDateEnding": "2019-03-31", "reportedCurrency": "USD", "totalRevenue": "37000", "totalOperatingExpense": "2469000", "costOfRevenue": "None", "grossProfit": "37000", "ebit": "-2366000", "netIncome": "-4911000", "researchAndDevelopment": "528000", "effectOfAccountingCharges": "None", "incomeBeforeTax": "-4911000", "minorityInterest": "None", "sellingGeneralAdministrative": "1941000", "otherNonOperatingIncome": "None", "operatingIncome": "-2938000", "otherOperatingExpense": "169000", "interestExpense": "-20000", "taxProvision": "0", "interestIncome": "-1997000", "netInterestIncome": "24000", "extraordinaryItems": "None", "nonRecurring": "None", "otherItems": "None", "incomeTaxExpense": "None", "totalOtherIncomeExpense": "-2503000", "discontinuedOperations": "None", "netIncomeFromContinuingOperations": "-4911000", "netIncomeApplicableToCommonShares": "-4911000", "preferredStockAndOtherAdjustments": "None"}, {"fiscalDateEnding": "2018-12-31", "reportedCurrency": "USD", "totalRevenue": "1392000", "totalOperatingExpense": "4433000", "costOfRevenue": "1413000", "grossProfit": "-21000", "ebit": "-3041000", "netIncome": "-5126000", "researchAndDevelopment": "767000", "effectOfAccountingCharges": "0", "incomeBeforeTax": "-5762000", "minorityInterest": "0", "sellingGeneralAdministrative": "2253000", "otherNonOperatingIncome": "None", "operatingIncome": "-3041000", "otherOperatingExpense": "169000", "interestExpense": "-20000", "taxProvision": "None", "interestIncome": "None", "netInterestIncome": "None", "extraordinaryItems": "0", "nonRecurring": "0", "otherItems": "0", "incomeTaxExpense": "-636000", "totalOtherIncomeExpense": "-2721000", "discontinuedOperations": "0", "netIncomeFromContinuingOperations": "-5126000", "netIncomeApplicableToCommonShares": "-5126000", "preferredStockAndOtherAdjustments": "None"}, {"fiscalDateEnding": "2018-09-30", "reportedCurrency": "USD", "totalRevenue": "663000", "totalOperatingExpense": "3674000", "costOfRevenue": "494000", "grossProfit": "169000", "ebit": "-3011000", "netIncome": "-2509000", "researchAndDevelopment": "358000", "effectOfAccountingCharges": "0", "incomeBeforeTax": "-3056000", "minorityInterest": "0", "sellingGeneralAdministrative": "2822000", "otherNonOperatingIncome": "None", "operatingIncome": "-3011000", "otherOperatingExpense": "169000", "interestExpense": "-20000", "taxProvision": "None", "interestIncome": "None", "netInterestIncome": "None", "extraordinaryItems": "0", "nonRecurring": "0", "otherItems": "0", "incomeTaxExpense": "-547000", "totalOtherIncomeExpense": "-45000", "discontinuedOperations": "0", "netIncomeFromContinuingOperations": "-2509000", "netIncomeApplicableToCommonShares": "-2509000", "preferredStockAndOtherAdjustments": "None"}, {"fiscalDateEnding": "2018-06-30", "reportedCurrency": "USD", "totalRevenue": "168000", "totalOperatingExpense": "3672000", "costOfRevenue": "197000", "grossProfit": "-29000", "ebit": "-3504000", "netIncome": "-2602000", "researchAndDevelopment": "974000", "effectOfAccountingCharges": "0", "incomeBeforeTax": "-2835000", "minorityInterest": "0", "sellingGeneralAdministrative": "2501000", "otherNonOperatingIncome": "None", "operatingIncome": "-3504000", "otherOperatingExpense": "169000", "interestExpense": "-20000", "taxProvision": "None", "interestIncome": "None", "netInterestIncome": "None", "extraordinaryItems": "0", "nonRecurring": "0", "otherItems": "0", "incomeTaxExpense": "-233000", "totalOtherIncomeExpense": "669000", "discontinuedOperations": "0", "netIncomeFromContinuingOperations": "-2602000", "netIncomeApplicableToCommonShares": "-2602000", "preferredStockAndOtherAdjustments": "None"}, {"fiscalDateEnding": "2018-03-31", "reportedCurrency": "USD", "totalRevenue": "24658000", "totalOperatingExpense": "5260000", "costOfRevenue": "5246000", "grossProfit": "24658000", "ebit": "19398000", "netIncome": "14424000", "researchAndDevelopment": "833000", "effectOfAccountingCharges": "0", "incomeBeforeTax": "21292000", "minorityInterest": "0", "sellingGeneralAdministrative": "4427000", "otherNonOperatingIncome": "None", "operatingIncome": "19398000", "otherOperatingExpense": "0", "interestExpense": "0", "taxProvision": "None", "interestIncome": "None", "netInterestIncome": "None", "extraordinaryItems": "0", "nonRecurring": "0", "otherItems": "0", "incomeTaxExpense": "6868000", "totalOtherIncomeExpense": "1894000", "discontinuedOperations": "0", "netIncomeFromContinuingOperations": "14424000", "netIncomeApplicableToCommonShares": "14424000", "preferredStockAndOtherAdjustments": "None"}, {"fiscalDateEnding": "2017-12-31", "reportedCurrency": "USD", "totalRevenue": "178000", "totalOperatingExpense": "2613000", "costOfRevenue": "3756000", "grossProfit": "-155000", "ebit": "-2768000", "netIncome": "9971000", "researchAndDevelopment": "526000", "effectOfAccountingCharges": "0", "incomeBeforeTax": "6492000", "minorityInterest": "0", "sellingGeneralAdministrative": "-122000", "otherNonOperatingIncome": "None", "operatingIncome": "-2768000", "otherOperatingExpense": "0", "interestExpense": "0", "taxProvision": "None", "interestIncome": "None", "netInterestIncome": "None", "extraordinaryItems": "0", "nonRecurring": "0", "otherItems": "0", "incomeTaxExpense": "-3479000", "totalOtherIncomeExpense": "9260000", "discontinuedOperations": "0", "netIncomeFromContinuingOperations": "9971000", "netIncomeApplicableToCommonShares": "9971000", "preferredStockAndOtherAdjustments": "None"}, {"fiscalDateEnding": "2017-09-30", "reportedCurrency": "USD", "totalRevenue": "241000", "totalOperatingExpense": "35418000", "costOfRevenue": "4326000", "grossProfit": "1879000", "ebit": "-33539000", "netIncome": "-40741000", "researchAndDevelopment": "4124000", "effectOfAccountingCharges": "0", "incomeBeforeTax": "-40741000", "minorityInterest": "0", "sellingGeneralAdministrative": "23784000", "otherNonOperatingIncome": "None", "operatingIncome": "-33539000", "otherOperatingExpense": "0", "interestExpense": "0", "taxProvision": "None", "interestIncome": "None", "netInterestIncome": "None", "extraordinaryItems": "0", "nonRecurring": "0", "otherItems": "0", "incomeTaxExpense": "0", "totalOtherIncomeExpense": "-7202000", "discontinuedOperations": "0", "netIncomeFromContinuingOperations": "-40741000", "netIncomeApplicableToCommonShares": "-40741000", "preferredStockAndOtherAdjustments": "None"}, {"fiscalDateEnding": "2017-06-30", "reportedCurrency": "USD", "totalRevenue": "243000", "totalOperatingExpense": "-22468000", "costOfRevenue": "6922000", "grossProfit": "-1062000", "ebit": "21406000", "netIncome": "18105000", "researchAndDevelopment": "3599000", "effectOfAccountingCharges": "0", "incomeBeforeTax": "18105000", "minorityInterest": "0", "sellingGeneralAdministrative": "-13792000", "otherNonOperatingIncome": "None", "operatingIncome": "21406000", "otherOperatingExpense": "0", "interestExpense": "0", "taxProvision": "None", "interestIncome": "None", "netInterestIncome": "None", "extraordinaryItems": "0", "nonRecurring": "0", "otherItems": "0", "incomeTaxExpense": "0", "totalOtherIncomeExpense": "-3301000", "discontinuedOperations": "0", "netIncomeFromContinuingOperations": "18105000", "netIncomeApplicableToCommonShares": "18105000", "preferredStockAndOtherAdjustments": "None"}, {"fiscalDateEnding": "2017-03-31", "reportedCurrency": "USD", "totalRevenue": "261000", "totalOperatingExpense": "5878000", "costOfRevenue": "5878000", "grossProfit": "261000", "ebit": "-5617000", "netIncome": "-4131000", "researchAndDevelopment": "2455000", "effectOfAccountingCharges": "0", "incomeBeforeTax": "-4131000", "minorityInterest": "0", "sellingGeneralAdministrative": "3423000", "otherNonOperatingIncome": "None", "operatingIncome": "-5617000", "otherOperatingExpense": "0", "interestExpense": "0", "taxProvision": "None", "interestIncome": "None", "netInterestIncome": "None", "extraordinaryItems": "0", "nonRecurring": "0", "otherItems": "0", "incomeTaxExpense": "0", "totalOtherIncomeExpense": "1486000", "discontinuedOperations": "0", "netIncomeFromContinuingOperations": "-4131000", "netIncomeApplicableToCommonShares": "-4131000", "preferredStockAndOtherAdjustments": "None"}, {"fiscalDateEnding": "2016-12-31", "reportedCurrency": "USD", "totalRevenue": "304000", "totalOperatingExpense": "30387000", "costOfRevenue": "7740000", "grossProfit": "911000", "ebit": "-29476000", "netIncome": "-24959000", "researchAndDevelopment": "4619000", "effectOfAccountingCharges": "0", "incomeBeforeTax": "-24959000", "minorityInterest": "0", "sellingGeneralAdministrative": "13892000", "otherNonOperatingIncome": "None", "operatingIncome": "-29476000", "otherOperatingExpense": "0", "interestExpense": "0", "taxProvision": "None", "interestIncome": "None", "netInterestIncome": "None", "extraordinaryItems": "0", "nonRecurring": "0", "otherItems": "0", "incomeTaxExpense": "0", "totalOtherIncomeExpense": "4517000", "discontinuedOperations": "0", "netIncomeFromContinuingOperations": "-24959000", "netIncomeApplicableToCommonShares": "-24959000", "preferredStockAndOtherAdjustments": "None"}, {"fiscalDateEnding": "2016-09-30", "reportedCurrency": "USD", "totalRevenue": "269000", "totalOperatingExpense": "0", "costOfRevenue": "7941000", "grossProfit": "0", "ebit": "0", "netIncome": "0", "researchAndDevelopment": "4512000", "effectOfAccountingCharges": "0", "incomeBeforeTax": "0", "minorityInterest": "0", "sellingGeneralAdministrative": "0", "otherNonOperatingIncome": "None", "operatingIncome": "0", "otherOperatingExpense": "0", "interestExpense": "0", "taxProvision": "None", "interestIncome": "None", "netInterestIncome": "None", "extraordinaryItems": "0", "nonRecurring": "0", "otherItems": "0", "incomeTaxExpense": "0", "totalOtherIncomeExpense": "0", "discontinuedOperations": "0", "netIncomeFromContinuingOperations": "0", "netIncomeApplicableToCommonShares": "0", "preferredStockAndOtherAdjustments": "None"}, {"fiscalDateEnding": "2016-06-30", "reportedCurrency": "USD", "totalRevenue": "96000", "totalOperatingExpense": "0", "costOfRevenue": "7231000", "grossProfit": "0", "ebit": "0", "netIncome": "0", "researchAndDevelopment": "3707000", "effectOfAccountingCharges": "0", "incomeBeforeTax": "0", "minorityInterest": "0", "sellingGeneralAdministrative": "0", "otherNonOperatingIncome": "None", "operatingIncome": "0", "otherOperatingExpense": "0", "interestExpense": "0", "taxProvision": "None", "interestIncome": "None", "netInterestIncome": "None", "extraordinaryItems": "0", "nonRecurring": "0", "otherItems": "0", "incomeTaxExpense": "0", "totalOtherIncomeExpense": "0", "discontinuedOperations": "0", "netIncomeFromContinuingOperations": "0", "netIncomeApplicableToCommonShares": "0", "preferredStockAndOtherAdjustments": "None"}, {"fiscalDateEnding": "2016-03-31", "reportedCurrency": "USD", "totalRevenue": "242000", "totalOperatingExpense": "0", "costOfRevenue": "7203000", "grossProfit": "0", "ebit": "0", "netIncome": "0", "researchAndDevelopment": "3657000", "effectOfAccountingCharges": "0", "incomeBeforeTax": "0", "minorityInterest": "0", "sellingGeneralAdministrative": "0", "otherNonOperatingIncome": "None", "operatingIncome": "0", "otherOperatingExpense": "0", "interestExpense": "0", "taxProvision": "None", "interestIncome": "None", "netInterestIncome": "None", "extraordinaryItems": "0", "nonRecurring": "0", "otherItems": "0", "incomeTaxExpense": "0", "totalOtherIncomeExpense": "0", "discontinuedOperations": "0", "netIncomeFromContinuingOperations": "0", "netIncomeApplicableToCommonShares": "0", "preferredStockAndOtherAdjustments": "None"}, {"fiscalDateEnding": "2015-12-31", "reportedCurrency": "USD", "totalRevenue": "102000", "totalOperatingExpense": "35429000", "costOfRevenue": "0", "grossProfit": "545000", "ebit": "-34884000", "netIncome": "-50143000", "researchAndDevelopment": "4243000", "effectOfAccountingCharges": "0", "incomeBeforeTax": "-50228000", "minorityInterest": "0", "sellingGeneralAdministrative": "8763000", "otherNonOperatingIncome": "None", "operatingIncome": "-34884000", "otherOperatingExpense": "0", "interestExpense": "0", "taxProvision": "None", "interestIncome": "None", "netInterestIncome": "None", "extraordinaryItems": "0", "nonRecurring": "0", "otherItems": "0", "incomeTaxExpense": "0", "totalOtherIncomeExpense": "-15344000", "discontinuedOperations": "85000", "netIncomeFromContinuingOperations": "-50228000", "netIncomeApplicableToCommonShares": "-50143000", "preferredStockAndOtherAdjustments": "None"}, {"fiscalDateEnding": "2015-09-30", "reportedCurrency": "USD", "totalRevenue": "173000", "totalOperatingExpense": "0", "costOfRevenue": "0", "grossProfit": "0", "ebit": "0", "netIncome": "0", "researchAndDevelopment": "4050000", "effectOfAccountingCharges": "0", "incomeBeforeTax": "0", "minorityInterest": "0", "sellingGeneralAdministrative": "7749000", "otherNonOperatingIncome": "None", "operatingIncome": "0", "otherOperatingExpense": "0", "interestExpense": "0", "taxProvision": "None", "interestIncome": "None", "netInterestIncome": "None", "extraordinaryItems": "0", "nonRecurring": "0", "otherItems": "0", "incomeTaxExpense": "0", "totalOtherIncomeExpense": "0", "discontinuedOperations": "0", "netIncomeFromContinuingOperations": "0", "netIncomeApplicableToCommonShares": "0", "preferredStockAndOtherAdjustments": "None"}, {"fiscalDateEnding": "2015-06-30", "reportedCurrency": "USD", "totalRevenue": "197000", "totalOperatingExpense": "0", "costOfRevenue": "0", "grossProfit": "0", "ebit": "0", "netIncome": "0", "researchAndDevelopment": "4475000", "effectOfAccountingCharges": "0", "incomeBeforeTax": "0", "minorityInterest": "0", "sellingGeneralAdministrative": "8231000", "otherNonOperatingIncome": "None", "operatingIncome": "0", "otherOperatingExpense": "0", "interestExpense": "0", "taxProvision": "None", "interestIncome": "None", "netInterestIncome": "None", "extraordinaryItems": "0", "nonRecurring": "0", "otherItems": "0", "incomeTaxExpense": "0", "totalOtherIncomeExpense": "0", "discontinuedOperations": "0", "netIncomeFromContinuingOperations": "0", "netIncomeApplicableToCommonShares": "0", "preferredStockAndOtherAdjustments": "None"}]}