{"symbol": "AFG", "annualReports": [{"fiscalDateEnding": "2019-12-31", "reportedCurrency": "USD", "totalRevenue": "8237000000", "totalOperatingExpense": "7129000000", "costOfRevenue": "6342000000", "grossProfit": "8237000000", "ebit": "1108000000", "netIncome": "897000000", "researchAndDevelopment": "None", "effectOfAccountingCharges": "None", "incomeBeforeTax": "1108000000", "minorityInterest": "-28000000", "sellingGeneralAdministrative": "None", "otherNonOperatingIncome": "None", "operatingIncome": "1108000000", "otherOperatingExpense": "7129000000", "interestExpense": "68000000", "taxProvision": "239000000", "interestIncome": "-68000000", "netInterestIncome": "-68000000", "extraordinaryItems": "None", "nonRecurring": "None", "otherItems": "None", "incomeTaxExpense": "239000000", "totalOtherIncomeExpense": "201000000", "discontinuedOperations": "None", "netIncomeFromContinuingOperations": "869000000", "netIncomeApplicableToCommonShares": "897000000", "preferredStockAndOtherAdjustments": "None"}, {"fiscalDateEnding": "2018-12-31", "reportedCurrency": "USD", "totalRevenue": "7150000000", "totalOperatingExpense": "6511000000", "costOfRevenue": "5867000000", "grossProfit": "7150000000", "ebit": "639000000", "netIncome": "530000000", "researchAndDevelopment": "0", "effectOfAccountingCharges": "None", "incomeBeforeTax": "639000000", "minorityInterest": "-13000000", "sellingGeneralAdministrative": "0", "otherNonOperatingIncome": "None", "operatingIncome": "639000000", "otherOperatingExpense": "6511000000", "interestExpense": "62000000", "taxProvision": "122000000", "interestIncome": "-62000000", "netInterestIncome": "-62000000", "extraordinaryItems": "None", "nonRecurring": "None", "otherItems": "None", "incomeTaxExpense": "122000000", "totalOtherIncomeExpense": "199000000", "discontinuedOperations": "None", "netIncomeFromContinuingOperations": "517000000", "netIncomeApplicableToCommonShares": "530000000", "preferredStockAndOtherAdjustments": "None"}, {"fiscalDateEnding": "2017-12-31", "reportedCurrency": "USD", "totalRevenue": "6865000000", "totalOperatingExpense": "6141000000", "costOfRevenue": "5382000000", "grossProfit": "6865000000", "ebit": "724000000", "netIncome": "475000000", "researchAndDevelopment": "0", "effectOfAccountingCharges": "None", "incomeBeforeTax": "724000000", "minorityInterest": "2000000", "sellingGeneralAdministrative": "0", "otherNonOperatingIncome": "None", "operatingIncome": "724000000", "otherOperatingExpense": "6141000000", "interestExpense": "85000000", "taxProvision": "247000000", "interestIncome": "-85000000", "netInterestIncome": "-85000000", "extraordinaryItems": "-83000000", "nonRecurring": "None", "otherItems": "None", "incomeTaxExpense": "247000000", "totalOtherIncomeExpense": "206000000", "discontinuedOperations": "None", "netIncomeFromContinuingOperations": "477000000", "netIncomeApplicableToCommonShares": "475000000", "preferredStockAndOtherAdjustments": "None"}, {"fiscalDateEnding": "2016-12-31", "reportedCurrency": "USD", "totalRevenue": "6498000000", "totalOperatingExpense": "5711000000", "costOfRevenue": "5029000000", "grossProfit": "6498000000", "ebit": "787000000", "netIncome": "649000000", "researchAndDevelopment": "0", "effectOfAccountingCharges": "None", "incomeBeforeTax": "787000000", "minorityInterest": "19000000", "sellingGeneralAdministrative": "0", "otherNonOperatingIncome": "None", "operatingIncome": "787000000", "otherOperatingExpense": "5711000000", "interestExpense": "77000000", "taxProvision": "119000000", "interestIncome": "-77000000", "netInterestIncome": "-77000000", "extraordinaryItems": "None", "nonRecurring": "None", "otherItems": "None", "incomeTaxExpense": "119000000", "totalOtherIncomeExpense": "224000000", "discontinuedOperations": "None", "netIncomeFromContinuingOperations": "668000000", "netIncomeApplicableToCommonShares": "649000000", "preferredStockAndOtherAdjustments": "None"}, {"fiscalDateEnding": "2015-12-31", "reportedCurrency": "USD", "totalRevenue": "6145000000", "totalOperatingExpense": "5580000000", "costOfRevenue": "4990000000", "grossProfit": "6145000000", "ebit": "565000000", "netIncome": "352000000", "researchAndDevelopment": "0", "effectOfAccountingCharges": "None", "incomeBeforeTax": "565000000", "minorityInterest": "18000000", "sellingGeneralAdministrative": "0", "otherNonOperatingIncome": "None", "operatingIncome": "565000000", "otherOperatingExpense": "5580000000", "interestExpense": "-75000000", "taxProvision": "195000000", "interestIncome": "-74000000", "netInterestIncome": "None", "extraordinaryItems": "None", "nonRecurring": "None", "otherItems": "None", "incomeTaxExpense": "195000000", "totalOtherIncomeExpense": "-319000000", "discontinuedOperations": "None", "netIncomeFromContinuingOperations": "370000000", "netIncomeApplicableToCommonShares": "352000000", "preferredStockAndOtherAdjustments": "None"}], "quarterlyReports": [{"fiscalDateEnding": "2020-06-30", "reportedCurrency": "USD", "totalRevenue": "1951000000", "totalOperatingExpense": "1733000000", "costOfRevenue": "None", "grossProfit": "1951000000", "ebit": "218000000", "netIncome": "177000000", "researchAndDevelopment": "None", "effectOfAccountingCharges": "None", "incomeBeforeTax": "218000000", "minorityInterest": "-10000000", "sellingGeneralAdministrative": "None", "otherNonOperatingIncome": "None", "operatingIncome": "218000000", "otherOperatingExpense": "1733000000", "interestExpense": "23000000", "taxProvision": "51000000", "interestIncome": "None", "netInterestIncome": "-23000000", "extraordinaryItems": "None", "nonRecurring": "None", "otherItems": "None", "incomeTaxExpense": "51000000", "totalOtherIncomeExpense": "51000000", "discontinuedOperations": "None", "netIncomeFromContinuingOperations": "167000000", "netIncomeApplicableToCommonShares": "177000000", "preferredStockAndOtherAdjustments": "None"}, {"fiscalDateEnding": "2020-03-31", "reportedCurrency": "USD", "totalRevenue": "1344000000", "totalOperatingExpense": "1663000000", "costOfRevenue": "None", "grossProfit": "1344000000", "ebit": "-388000000", "netIncome": "-301000000", "researchAndDevelopment": "None", "effectOfAccountingCharges": "None", "incomeBeforeTax": "-388000000", "minorityInterest": "-3000000", "sellingGeneralAdministrative": "None", "otherNonOperatingIncome": "None", "operatingIncome": "-388000000", "otherOperatingExpense": "1663000000", "interestExpense": "17000000", "taxProvision": "-84000000", "interestIncome": "-17000000", "netInterestIncome": "-17000000", "extraordinaryItems": "None", "nonRecurring": "None", "otherItems": "None", "incomeTaxExpense": "-84000000", "totalOtherIncomeExpense": "57000000", "discontinuedOperations": "None", "netIncomeFromContinuingOperations": "-304000000", "netIncomeApplicableToCommonShares": "-301000000", "preferredStockAndOtherAdjustments": "None"}, {"fiscalDateEnding": "2019-12-31", "reportedCurrency": "USD", "totalRevenue": "2130000000", "totalOperatingExpense": "1871000000", "costOfRevenue": "1601000000", "grossProfit": "2130000000", "ebit": "259000000", "netIncome": "211000000", "researchAndDevelopment": "None", "effectOfAccountingCharges": "None", "incomeBeforeTax": "259000000", "minorityInterest": "-20000000", "sellingGeneralAdministrative": "None", "otherNonOperatingIncome": "None", "operatingIncome": "259000000", "otherOperatingExpense": "1871000000", "interestExpense": "18000000", "taxProvision": "68000000", "interestIncome": "-18000000", "netInterestIncome": "-18000000", "extraordinaryItems": "None", "nonRecurring": "None", "otherItems": "None", "incomeTaxExpense": "68000000", "totalOtherIncomeExpense": "48000000", "discontinuedOperations": "None", "netIncomeFromContinuingOperations": "191000000", "netIncomeApplicableToCommonShares": "211000000", "preferredStockAndOtherAdjustments": "None"}, {"fiscalDateEnding": "2019-09-30", "reportedCurrency": "USD", "totalRevenue": "2123000000", "totalOperatingExpense": "1946000000", "costOfRevenue": "1773000000", "grossProfit": "2123000000", "ebit": "177000000", "netIncome": "147000000", "researchAndDevelopment": "None", "effectOfAccountingCharges": "None", "incomeBeforeTax": "177000000", "minorityInterest": "-4000000", "sellingGeneralAdministrative": "None", "otherNonOperatingIncome": "None", "operatingIncome": "177000000", "otherOperatingExpense": "1946000000", "interestExpense": "17000000", "taxProvision": "34000000", "interestIncome": "-17000000", "netInterestIncome": "-17000000", "extraordinaryItems": "None", "nonRecurring": "None", "otherItems": "None", "incomeTaxExpense": "34000000", "totalOtherIncomeExpense": "52000000", "discontinuedOperations": "None", "netIncomeFromContinuingOperations": "143000000", "netIncomeApplicableToCommonShares": "147000000", "preferredStockAndOtherAdjustments": "None"}, {"fiscalDateEnding": "2019-06-30", "reportedCurrency": "USD", "totalRevenue": "1960000000", "totalOperatingExpense": "1701000000", "costOfRevenue": "1529000000", "grossProfit": "1960000000", "ebit": "259000000", "netIncome": "210000000", "researchAndDevelopment": "None", "effectOfAccountingCharges": "None", "incomeBeforeTax": "259000000", "minorityInterest": "-1000000", "sellingGeneralAdministrative": "None", "otherNonOperatingIncome": "None", "operatingIncome": "259000000", "otherOperatingExpense": "1701000000", "interestExpense": "17000000", "taxProvision": "50000000", "interestIncome": "-17000000", "netInterestIncome": "-17000000", "extraordinaryItems": "None", "nonRecurring": "None", "otherItems": "None", "incomeTaxExpense": "50000000", "totalOtherIncomeExpense": "51000000", "discontinuedOperations": "None", "netIncomeFromContinuingOperations": "209000000", "netIncomeApplicableToCommonShares": "210000000", "preferredStockAndOtherAdjustments": "None"}, {"fiscalDateEnding": "2019-03-31", "reportedCurrency": "USD", "totalRevenue": "2024000000", "totalOperatingExpense": "1611000000", "costOfRevenue": "1439000000", "grossProfit": "2024000000", "ebit": "413000000", "netIncome": "329000000", "researchAndDevelopment": "None", "effectOfAccountingCharges": "None", "incomeBeforeTax": "413000000", "minorityInterest": "-3000000", "sellingGeneralAdministrative": "None", "otherNonOperatingIncome": "None", "operatingIncome": "413000000", "otherOperatingExpense": "1611000000", "interestExpense": "16000000", "taxProvision": "87000000", "interestIncome": "-16000000", "netInterestIncome": "-16000000", "extraordinaryItems": "None", "nonRecurring": "None", "otherItems": "None", "incomeTaxExpense": "87000000", "totalOtherIncomeExpense": "50000000", "discontinuedOperations": "None", "netIncomeFromContinuingOperations": "326000000", "netIncomeApplicableToCommonShares": "329000000", "preferredStockAndOtherAdjustments": "None"}, {"fiscalDateEnding": "2018-12-31", "reportedCurrency": "USD", "totalRevenue": "1690000000", "totalOperatingExpense": "1729000000", "costOfRevenue": "1557000000", "grossProfit": "1690000000", "ebit": "-39000000", "netIncome": "-29000000", "researchAndDevelopment": "0", "effectOfAccountingCharges": "0", "incomeBeforeTax": "-39000000", "minorityInterest": "-6000000", "sellingGeneralAdministrative": "0", "otherNonOperatingIncome": "None", "operatingIncome": "-39000000", "otherOperatingExpense": "1729000000", "interestExpense": "-16000000", "taxProvision": "-4000000", "interestIncome": "None", "netInterestIncome": "None", "extraordinaryItems": "0", "nonRecurring": "0", "otherItems": "0", "incomeTaxExpense": "-4000000", "totalOtherIncomeExpense": "-43000000", "discontinuedOperations": "0", "netIncomeFromContinuingOperations": "-35000000", "netIncomeApplicableToCommonShares": "-29000000", "preferredStockAndOtherAdjustments": "None"}, {"fiscalDateEnding": "2018-09-30", "reportedCurrency": "USD", "totalRevenue": "2008000000", "totalOperatingExpense": "1764000000", "costOfRevenue": "1599000000", "grossProfit": "2008000000", "ebit": "244000000", "netIncome": "204000000", "researchAndDevelopment": "0", "effectOfAccountingCharges": "0", "incomeBeforeTax": "244000000", "minorityInterest": "-1000000", "sellingGeneralAdministrative": "0", "otherNonOperatingIncome": "None", "operatingIncome": "244000000", "otherOperatingExpense": "1764000000", "interestExpense": "-15000000", "taxProvision": "None", "interestIncome": "None", "netInterestIncome": "None", "extraordinaryItems": "0", "nonRecurring": "0", "otherItems": "0", "incomeTaxExpense": "41000000", "totalOtherIncomeExpense": "-15000000", "discontinuedOperations": "0", "netIncomeFromContinuingOperations": "203000000", "netIncomeApplicableToCommonShares": "204000000", "preferredStockAndOtherAdjustments": "None"}, {"fiscalDateEnding": "2018-06-30", "reportedCurrency": "USD", "totalRevenue": "1833000000", "totalOperatingExpense": "1573000000", "costOfRevenue": "1414000000", "grossProfit": "1833000000", "ebit": "260000000", "netIncome": "210000000", "researchAndDevelopment": "0", "effectOfAccountingCharges": "0", "incomeBeforeTax": "260000000", "minorityInterest": "-2000000", "sellingGeneralAdministrative": "0", "otherNonOperatingIncome": "None", "operatingIncome": "260000000", "otherOperatingExpense": "1573000000", "interestExpense": "-16000000", "taxProvision": "None", "interestIncome": "None", "netInterestIncome": "None", "extraordinaryItems": "0", "nonRecurring": "0", "otherItems": "0", "incomeTaxExpense": "52000000", "totalOtherIncomeExpense": "-16000000", "discontinuedOperations": "0", "netIncomeFromContinuingOperations": "208000000", "netIncomeApplicableToCommonShares": "210000000", "preferredStockAndOtherAdjustments": "None"}, {"fiscalDateEnding": "2018-03-31", "reportedCurrency": "USD", "totalRevenue": "1619000000", "totalOperatingExpense": "1445000000", "costOfRevenue": "1297000000", "grossProfit": "1619000000", "ebit": "174000000", "netIncome": "145000000", "researchAndDevelopment": "0", "effectOfAccountingCharges": "0", "incomeBeforeTax": "174000000", "minorityInterest": "-4000000", "sellingGeneralAdministrative": "0", "otherNonOperatingIncome": "None", "operatingIncome": "174000000", "otherOperatingExpense": "1445000000", "interestExpense": "-15000000", "taxProvision": "None", "interestIncome": "None", "netInterestIncome": "None", "extraordinaryItems": "0", "nonRecurring": "0", "otherItems": "0", "incomeTaxExpense": "33000000", "totalOtherIncomeExpense": "-15000000", "discontinuedOperations": "0", "netIncomeFromContinuingOperations": "141000000", "netIncomeApplicableToCommonShares": "145000000", "preferredStockAndOtherAdjustments": "None"}, {"fiscalDateEnding": "2017-12-31", "reportedCurrency": "USD", "totalRevenue": "1795000000", "totalOperatingExpense": "8090000000", "costOfRevenue": "1479000000", "grossProfit": "1302000000", "ebit": "857000000", "netIncome": "166000000", "researchAndDevelopment": "0", "effectOfAccountingCharges": "0", "incomeBeforeTax": "267000000", "minorityInterest": "0", "sellingGeneralAdministrative": "0", "otherNonOperatingIncome": "None", "operatingIncome": "314000000", "otherOperatingExpense": "-38000000", "interestExpense": "20000000", "taxProvision": "None", "interestIncome": "None", "netInterestIncome": "None", "extraordinaryItems": "0", "nonRecurring": "0", "otherItems": "0", "incomeTaxExpense": "101000000", "totalOtherIncomeExpense": "-231000000", "discontinuedOperations": "0", "netIncomeFromContinuingOperations": "436000000", "netIncomeApplicableToCommonShares": "166000000", "preferredStockAndOtherAdjustments": "None"}, {"fiscalDateEnding": "2017-09-30", "reportedCurrency": "USD", "totalRevenue": "1835000000", "totalOperatingExpense": "1806000000", "costOfRevenue": "1745000000", "grossProfit": "1835000000", "ebit": "29000000", "netIncome": "11000000", "researchAndDevelopment": "0", "effectOfAccountingCharges": "0", "incomeBeforeTax": "29000000", "minorityInterest": "12000000", "sellingGeneralAdministrative": "0", "otherNonOperatingIncome": "None", "operatingIncome": "29000000", "otherOperatingExpense": "1806000000", "interestExpense": "21000000", "taxProvision": "None", "interestIncome": "None", "netInterestIncome": "None", "extraordinaryItems": "0", "nonRecurring": "0", "otherItems": "0", "incomeTaxExpense": "18000000", "totalOtherIncomeExpense": "0", "discontinuedOperations": "0", "netIncomeFromContinuingOperations": "11000000", "netIncomeApplicableToCommonShares": "11000000", "preferredStockAndOtherAdjustments": "None"}, {"fiscalDateEnding": "2017-06-30", "reportedCurrency": "USD", "totalRevenue": "1646000000", "totalOperatingExpense": "1441000000", "costOfRevenue": "1380000000", "grossProfit": "1646000000", "ebit": "205000000", "netIncome": "145000000", "researchAndDevelopment": "0", "effectOfAccountingCharges": "0", "incomeBeforeTax": "205000000", "minorityInterest": "-10000000", "sellingGeneralAdministrative": "0", "otherNonOperatingIncome": "None", "operatingIncome": "205000000", "otherOperatingExpense": "1441000000", "interestExpense": "23000000", "taxProvision": "None", "interestIncome": "None", "netInterestIncome": "None", "extraordinaryItems": "0", "nonRecurring": "0", "otherItems": "0", "incomeTaxExpense": "60000000", "totalOtherIncomeExpense": "0", "discontinuedOperations": "0", "netIncomeFromContinuingOperations": "145000000", "netIncomeApplicableToCommonShares": "145000000", "preferredStockAndOtherAdjustments": "None"}, {"fiscalDateEnding": "2017-03-31", "reportedCurrency": "USD", "totalRevenue": "1576000000", "totalOperatingExpense": "1353000000", "costOfRevenue": "1294000000", "grossProfit": "1576000000", "ebit": "223000000", "netIncome": "153000000", "researchAndDevelopment": "0", "effectOfAccountingCharges": "0", "incomeBeforeTax": "223000000", "minorityInterest": "2000000", "sellingGeneralAdministrative": "0", "otherNonOperatingIncome": "None", "operatingIncome": "223000000", "otherOperatingExpense": "1353000000", "interestExpense": "21000000", "taxProvision": "None", "interestIncome": "None", "netInterestIncome": "None", "extraordinaryItems": "0", "nonRecurring": "0", "otherItems": "0", "incomeTaxExpense": "68000000", "totalOtherIncomeExpense": "0", "discontinuedOperations": "0", "netIncomeFromContinuingOperations": "155000000", "netIncomeApplicableToCommonShares": "153000000", "preferredStockAndOtherAdjustments": "None"}, {"fiscalDateEnding": "2016-12-31", "reportedCurrency": "USD", "totalRevenue": "1724000000", "totalOperatingExpense": "5377000000", "costOfRevenue": "1356000000", "grossProfit": "1316000000", "ebit": "1236000000", "netIncome": "385000000", "researchAndDevelopment": "0", "effectOfAccountingCharges": "0", "incomeBeforeTax": "317000000", "minorityInterest": "3000000", "sellingGeneralAdministrative": "0", "otherNonOperatingIncome": "None", "operatingIncome": "325000000", "otherOperatingExpense": "635000000", "interestExpense": "21000000", "taxProvision": "None", "interestIncome": "None", "netInterestIncome": "None", "extraordinaryItems": "0", "nonRecurring": "0", "otherItems": "0", "incomeTaxExpense": "54000000", "totalOtherIncomeExpense": "-181000000", "discontinuedOperations": "0", "netIncomeFromContinuingOperations": "744000000", "netIncomeApplicableToCommonShares": "385000000", "preferredStockAndOtherAdjustments": "None"}, {"fiscalDateEnding": "2016-09-30", "reportedCurrency": "USD", "totalRevenue": "1705000000", "totalOperatingExpense": "1527000000", "costOfRevenue": "1470000000", "grossProfit": "1705000000", "ebit": "178000000", "netIncome": "109000000", "researchAndDevelopment": "0", "effectOfAccountingCharges": "0", "incomeBeforeTax": "178000000", "minorityInterest": "4000000", "sellingGeneralAdministrative": "0", "otherNonOperatingIncome": "None", "operatingIncome": "178000000", "otherOperatingExpense": "1527000000", "interestExpense": "19000000", "taxProvision": "None", "interestIncome": "None", "netInterestIncome": "None", "extraordinaryItems": "0", "nonRecurring": "0", "otherItems": "0", "incomeTaxExpense": "65000000", "totalOtherIncomeExpense": "0", "discontinuedOperations": "0", "netIncomeFromContinuingOperations": "113000000", "netIncomeApplicableToCommonShares": "109000000", "preferredStockAndOtherAdjustments": "None"}, {"fiscalDateEnding": "2016-06-30", "reportedCurrency": "USD", "totalRevenue": "1581000000", "totalOperatingExpense": "1445000000", "costOfRevenue": "1401000000", "grossProfit": "1581000000", "ebit": "136000000", "netIncome": "54000000", "researchAndDevelopment": "0", "effectOfAccountingCharges": "0", "incomeBeforeTax": "136000000", "minorityInterest": "9000000", "sellingGeneralAdministrative": "0", "otherNonOperatingIncome": "None", "operatingIncome": "136000000", "otherOperatingExpense": "1445000000", "interestExpense": "19000000", "taxProvision": "None", "interestIncome": "None", "netInterestIncome": "None", "extraordinaryItems": "0", "nonRecurring": "0", "otherItems": "0", "incomeTaxExpense": "73000000", "totalOtherIncomeExpense": "0", "discontinuedOperations": "0", "netIncomeFromContinuingOperations": "63000000", "netIncomeApplicableToCommonShares": "54000000", "preferredStockAndOtherAdjustments": "None"}, {"fiscalDateEnding": "2016-03-31", "reportedCurrency": "USD", "totalRevenue": "1475000000", "totalOperatingExpense": "1319000000", "costOfRevenue": "1273000000", "grossProfit": "1475000000", "ebit": "156000000", "netIncome": "101000000", "researchAndDevelopment": "0", "effectOfAccountingCharges": "0", "incomeBeforeTax": "156000000", "minorityInterest": "3000000", "sellingGeneralAdministrative": "0", "otherNonOperatingIncome": "None", "operatingIncome": "156000000", "otherOperatingExpense": "1319000000", "interestExpense": "18000000", "taxProvision": "None", "interestIncome": "None", "netInterestIncome": "None", "extraordinaryItems": "0", "nonRecurring": "0", "otherItems": "0", "incomeTaxExpense": "52000000", "totalOtherIncomeExpense": "0", "discontinuedOperations": "0", "netIncomeFromContinuingOperations": "104000000", "netIncomeApplicableToCommonShares": "101000000", "preferredStockAndOtherAdjustments": "None"}, {"fiscalDateEnding": "2015-12-31", "reportedCurrency": "USD", "totalRevenue": "1617000000", "totalOperatingExpense": "5310000000", "costOfRevenue": "1377000000", "grossProfit": "1204000000", "ebit": "884000000", "netIncome": "129000000", "researchAndDevelopment": "0", "effectOfAccountingCharges": "0", "incomeBeforeTax": "210000000", "minorityInterest": "1000000", "sellingGeneralAdministrative": "0", "otherNonOperatingIncome": "None", "operatingIncome": "226000000", "otherOperatingExpense": "320000000", "interestExpense": "17000000", "taxProvision": "None", "interestIncome": "None", "netInterestIncome": "None", "extraordinaryItems": "0", "nonRecurring": "0", "otherItems": "0", "incomeTaxExpense": "80000000", "totalOtherIncomeExpense": "-319000000", "discontinuedOperations": "0", "netIncomeFromContinuingOperations": "370000000", "netIncomeApplicableToCommonShares": "129000000", "preferredStockAndOtherAdjustments": "None"}, {"fiscalDateEnding": "2015-09-30", "reportedCurrency": "USD", "totalRevenue": "1684000000", "totalOperatingExpense": "1585000000", "costOfRevenue": "1536000000", "grossProfit": "1684000000", "ebit": "99000000", "netIncome": "63000000", "researchAndDevelopment": "0", "effectOfAccountingCharges": "0", "incomeBeforeTax": "99000000", "minorityInterest": "3000000", "sellingGeneralAdministrative": "0", "otherNonOperatingIncome": "None", "operatingIncome": "99000000", "otherOperatingExpense": "1585000000", "interestExpense": "16000000", "taxProvision": "None", "interestIncome": "None", "netInterestIncome": "None", "extraordinaryItems": "0", "nonRecurring": "0", "otherItems": "0", "incomeTaxExpense": "33000000", "totalOtherIncomeExpense": "0", "discontinuedOperations": "0", "netIncomeFromContinuingOperations": "66000000", "netIncomeApplicableToCommonShares": "63000000", "preferredStockAndOtherAdjustments": "None"}, {"fiscalDateEnding": "2015-06-30", "reportedCurrency": "USD", "totalRevenue": "1541000000", "totalOperatingExpense": "1315000000", "costOfRevenue": "1245000000", "grossProfit": "1541000000", "ebit": "226000000", "netIncome": "141000000", "researchAndDevelopment": "0", "effectOfAccountingCharges": "0", "incomeBeforeTax": "226000000", "minorityInterest": "8000000", "sellingGeneralAdministrative": "0", "otherNonOperatingIncome": "None", "operatingIncome": "226000000", "otherOperatingExpense": "1315000000", "interestExpense": "19000000", "taxProvision": "None", "interestIncome": "None", "netInterestIncome": "None", "extraordinaryItems": "0", "nonRecurring": "0", "otherItems": "0", "incomeTaxExpense": "77000000", "totalOtherIncomeExpense": "0", "discontinuedOperations": "0", "netIncomeFromContinuingOperations": "149000000", "netIncomeApplicableToCommonShares": "141000000", "preferredStockAndOtherAdjustments": "None"}]}