{"symbol": "AFI", "annualReports": [{"fiscalDateEnding": "2019-12-31", "reportedCurrency": "USD", "totalRevenue": "626300000", "totalOperatingExpense": "687400000", "costOfRevenue": "541000000", "grossProfit": "85300000", "ebit": "-12200000", "netIncome": "-58500000", "researchAndDevelopment": "None", "effectOfAccountingCharges": "None", "incomeBeforeTax": "-67300000", "minorityInterest": "None", "sellingGeneralAdministrative": "146400000", "otherNonOperatingIncome": "None", "operatingIncome": "-61100000", "otherOperatingExpense": "None", "interestExpense": "4400000", "taxProvision": "1600000", "interestIncome": "-4400000", "netInterestIncome": "-4400000", "extraordinaryItems": "10400000", "nonRecurring": "None", "otherItems": "None", "incomeTaxExpense": "1600000", "totalOtherIncomeExpense": "-1800000", "discontinuedOperations": "10400000", "netIncomeFromContinuingOperations": "-68900000", "netIncomeApplicableToCommonShares": "-58500000", "preferredStockAndOtherAdjustments": "None"}, {"fiscalDateEnding": "2018-12-31", "reportedCurrency": "USD", "totalRevenue": "728200000", "totalOperatingExpense": "745600000", "costOfRevenue": "585000000", "grossProfit": "143200000", "ebit": "34800000", "netIncome": "-163000000", "researchAndDevelopment": "0", "effectOfAccountingCharges": "None", "incomeBeforeTax": "-25100000", "minorityInterest": "None", "sellingGeneralAdministrative": "160600000", "otherNonOperatingIncome": "None", "operatingIncome": "-17400000", "otherOperatingExpense": "None", "interestExpense": "4800000", "taxProvision": "-6000000", "interestIncome": "-4800000", "netInterestIncome": "-4800000", "extraordinaryItems": "-144000000", "nonRecurring": "None", "otherItems": "None", "incomeTaxExpense": "-6000000", "totalOtherIncomeExpense": "-2900000", "discontinuedOperations": "-143900000", "netIncomeFromContinuingOperations": "-19100000", "netIncomeApplicableToCommonShares": "-163000000", "preferredStockAndOtherAdjustments": "None"}, {"fiscalDateEnding": "2017-12-31", "reportedCurrency": "USD", "totalRevenue": "1133700000", "totalOperatingExpense": "1168200000", "costOfRevenue": "963600000", "grossProfit": "170100000", "ebit": "31500000", "netIncome": "-41800000", "researchAndDevelopment": "0", "effectOfAccountingCharges": "None", "incomeBeforeTax": "-50000000", "minorityInterest": "None", "sellingGeneralAdministrative": "204600000", "otherNonOperatingIncome": "None", "operatingIncome": "-34500000", "otherOperatingExpense": "None", "interestExpense": "2800000", "taxProvision": "-8200000", "interestIncome": "-2700000", "netInterestIncome": "-2800000", "extraordinaryItems": "-25500000", "nonRecurring": "12500000", "otherItems": "None", "incomeTaxExpense": "-2000000", "totalOtherIncomeExpense": "-12700000", "discontinuedOperations": "-24700000", "netIncomeFromContinuingOperations": "-41800000", "netIncomeApplicableToCommonShares": "-41800000", "preferredStockAndOtherAdjustments": "None"}, {"fiscalDateEnding": "2016-12-31", "reportedCurrency": "USD", "totalRevenue": "1193200000", "totalOperatingExpense": "1174300000", "costOfRevenue": "963100000", "grossProfit": "230100000", "ebit": "59700000", "netIncome": "9200000", "researchAndDevelopment": "12700000", "effectOfAccountingCharges": "None", "incomeBeforeTax": "11600000", "minorityInterest": "None", "sellingGeneralAdministrative": "211200000", "otherNonOperatingIncome": "None", "operatingIncome": "18900000", "otherOperatingExpense": "None", "interestExpense": "1500000", "taxProvision": "4100000", "interestIncome": "-1500000", "netInterestIncome": "-1500000", "extraordinaryItems": "25400000", "nonRecurring": "12500000", "otherItems": "None", "incomeTaxExpense": "-4700000", "totalOtherIncomeExpense": "-5800000", "discontinuedOperations": "25400000", "netIncomeFromContinuingOperations": "7500000", "netIncomeApplicableToCommonShares": "9200000", "preferredStockAndOtherAdjustments": "None"}, {"fiscalDateEnding": "2015-12-31", "reportedCurrency": "USD", "totalRevenue": "1188700000", "totalOperatingExpense": "1202700000", "costOfRevenue": "993000000", "grossProfit": "195700000", "ebit": "-14000000", "netIncome": "29600000", "researchAndDevelopment": "11400000", "effectOfAccountingCharges": "None", "incomeBeforeTax": "-17600000", "minorityInterest": "None", "sellingGeneralAdministrative": "209700000", "otherNonOperatingIncome": "None", "operatingIncome": "-14000000", "otherOperatingExpense": "None", "interestExpense": "-1500000", "taxProvision": "-7300000", "interestIncome": "None", "netInterestIncome": "None", "extraordinaryItems": "39900000", "nonRecurring": "12500000", "otherItems": "None", "incomeTaxExpense": "-7300000", "totalOtherIncomeExpense": "-3600000", "discontinuedOperations": "39900000", "netIncomeFromContinuingOperations": "-10300000", "netIncomeApplicableToCommonShares": "29600000", "preferredStockAndOtherAdjustments": "None"}], "quarterlyReports": [{"fiscalDateEnding": "2020-06-30", "reportedCurrency": "USD", "totalRevenue": "145600000", "totalOperatingExpense": "151200000", "costOfRevenue": "120900000", "grossProfit": "24700000", "ebit": "5200000", "netIncome": "-6300000", "researchAndDevelopment": "None", "effectOfAccountingCharges": "None", "incomeBeforeTax": "-6300000", "minorityInterest": "None", "sellingGeneralAdministrative": "30300000", "otherNonOperatingIncome": "None", "operatingIncome": "-5600000", "otherOperatingExpense": "None", "interestExpense": "1200000", "taxProvision": "0", "interestIncome": "-1200000", "netInterestIncome": "-1200000", "extraordinaryItems": "None", "nonRecurring": "None", "otherItems": "None", "incomeTaxExpense": "None", "totalOtherIncomeExpense": "500000", "discontinuedOperations": "None", "netIncomeFromContinuingOperations": "-6300000", "netIncomeApplicableToCommonShares": "-6300000", "preferredStockAndOtherAdjustments": "None"}, {"fiscalDateEnding": "2020-03-31", "reportedCurrency": "USD", "totalRevenue": "138700000", "totalOperatingExpense": "152000000", "costOfRevenue": "115400000", "grossProfit": "23300000", "ebit": "-2300000", "netIncome": "-13200000", "researchAndDevelopment": "None", "effectOfAccountingCharges": "None", "incomeBeforeTax": "-13500000", "minorityInterest": "None", "sellingGeneralAdministrative": "36600000", "otherNonOperatingIncome": "None", "operatingIncome": "-13300000", "otherOperatingExpense": "None", "interestExpense": "600000", "taxProvision": "-300000", "interestIncome": "-600000", "netInterestIncome": "-600000", "extraordinaryItems": "None", "nonRecurring": "None", "otherItems": "None", "incomeTaxExpense": "-300000", "totalOtherIncomeExpense": "400000", "discontinuedOperations": "None", "netIncomeFromContinuingOperations": "-13200000", "netIncomeApplicableToCommonShares": "-13200000", "preferredStockAndOtherAdjustments": "None"}, {"fiscalDateEnding": "2019-12-31", "reportedCurrency": "USD", "totalRevenue": "141300000", "totalOperatingExpense": "162300000", "costOfRevenue": "126100000", "grossProfit": "15200000", "ebit": "-6100000", "netIncome": "-25100000", "researchAndDevelopment": "None", "effectOfAccountingCharges": "None", "incomeBeforeTax": "-23300000", "minorityInterest": "None", "sellingGeneralAdministrative": "36200000", "otherNonOperatingIncome": "None", "operatingIncome": "-21000000", "otherOperatingExpense": "None", "interestExpense": "1700000", "taxProvision": "4600000", "interestIncome": "-1700000", "netInterestIncome": "-1700000", "extraordinaryItems": "2800000", "nonRecurring": "None", "otherItems": "None", "incomeTaxExpense": "4600000", "totalOtherIncomeExpense": "-600000", "discontinuedOperations": "2800000", "netIncomeFromContinuingOperations": "-27900000", "netIncomeApplicableToCommonShares": "-25100000", "preferredStockAndOtherAdjustments": "None"}, {"fiscalDateEnding": "2019-09-30", "reportedCurrency": "USD", "totalRevenue": "165600000", "totalOperatingExpense": "193800000", "costOfRevenue": "153800000", "grossProfit": "11800000", "ebit": "-16000000", "netIncome": "-31400000", "researchAndDevelopment": "None", "effectOfAccountingCharges": "None", "incomeBeforeTax": "-29700000", "minorityInterest": "None", "sellingGeneralAdministrative": "40000000", "otherNonOperatingIncome": "None", "operatingIncome": "-28200000", "otherOperatingExpense": "None", "interestExpense": "800000", "taxProvision": "0", "interestIncome": "-800000", "netInterestIncome": "-800000", "extraordinaryItems": "-1700000", "nonRecurring": "None", "otherItems": "None", "incomeTaxExpense": "None", "totalOtherIncomeExpense": "-700000", "discontinuedOperations": "-1700000", "netIncomeFromContinuingOperations": "-29700000", "netIncomeApplicableToCommonShares": "-31400000", "preferredStockAndOtherAdjustments": "None"}, {"fiscalDateEnding": "2019-06-30", "reportedCurrency": "USD", "totalRevenue": "177700000", "totalOperatingExpense": "174000000", "costOfRevenue": "141500000", "grossProfit": "36200000", "ebit": "14500000", "netIncome": "14700000", "researchAndDevelopment": "None", "effectOfAccountingCharges": "None", "incomeBeforeTax": "2600000", "minorityInterest": "None", "sellingGeneralAdministrative": "32500000", "otherNonOperatingIncome": "None", "operatingIncome": "3700000", "otherOperatingExpense": "None", "interestExpense": "900000", "taxProvision": "-2700000", "interestIncome": "-900000", "netInterestIncome": "-900000", "extraordinaryItems": "9400000", "nonRecurring": "None", "otherItems": "None", "incomeTaxExpense": "-2700000", "totalOtherIncomeExpense": "-200000", "discontinuedOperations": "9400000", "netIncomeFromContinuingOperations": "5300000", "netIncomeApplicableToCommonShares": "14700000", "preferredStockAndOtherAdjustments": "None"}, {"fiscalDateEnding": "2019-03-31", "reportedCurrency": "USD", "totalRevenue": "141700000", "totalOperatingExpense": "157300000", "costOfRevenue": "119600000", "grossProfit": "22100000", "ebit": "-4600000", "netIncome": "-16700000", "researchAndDevelopment": "None", "effectOfAccountingCharges": "None", "incomeBeforeTax": "-16900000", "minorityInterest": "None", "sellingGeneralAdministrative": "37700000", "otherNonOperatingIncome": "None", "operatingIncome": "-15600000", "otherOperatingExpense": "None", "interestExpense": "1000000", "taxProvision": "-300000", "interestIncome": "None", "netInterestIncome": "-1000000", "extraordinaryItems": "-100000", "nonRecurring": "None", "otherItems": "None", "incomeTaxExpense": "-300000", "totalOtherIncomeExpense": "-300000", "discontinuedOperations": "-100000", "netIncomeFromContinuingOperations": "-16600000", "netIncomeApplicableToCommonShares": "-16700000", "preferredStockAndOtherAdjustments": "None"}, {"fiscalDateEnding": "2018-12-31", "reportedCurrency": "USD", "totalRevenue": "153800000", "totalOperatingExpense": "170400000", "costOfRevenue": "128800000", "grossProfit": "25000000", "ebit": "-16600000", "netIncome": "-171000000", "researchAndDevelopment": "0", "effectOfAccountingCharges": "0", "incomeBeforeTax": "-19200000", "minorityInterest": "0", "sellingGeneralAdministrative": "41600000", "otherNonOperatingIncome": "None", "operatingIncome": "-16600000", "otherOperatingExpense": "0", "interestExpense": "-1900000", "taxProvision": "None", "interestIncome": "None", "netInterestIncome": "None", "extraordinaryItems": "-144000000", "nonRecurring": "0", "otherItems": "0", "incomeTaxExpense": "-4300000", "totalOtherIncomeExpense": "-2600000", "discontinuedOperations": "-156100000", "netIncomeFromContinuingOperations": "-14900000", "netIncomeApplicableToCommonShares": "-171000000", "preferredStockAndOtherAdjustments": "None"}, {"fiscalDateEnding": "2018-09-30", "reportedCurrency": "USD", "totalRevenue": "309700000", "totalOperatingExpense": "300700000", "costOfRevenue": "249100000", "grossProfit": "60600000", "ebit": "9000000", "netIncome": "7900000", "researchAndDevelopment": "0", "effectOfAccountingCharges": "0", "incomeBeforeTax": "9300000", "minorityInterest": "0", "sellingGeneralAdministrative": "51600000", "otherNonOperatingIncome": "None", "operatingIncome": "9000000", "otherOperatingExpense": "0", "interestExpense": "-900000", "taxProvision": "None", "interestIncome": "None", "netInterestIncome": "None", "extraordinaryItems": "0", "nonRecurring": "0", "otherItems": "0", "incomeTaxExpense": "1400000", "totalOtherIncomeExpense": "300000", "discontinuedOperations": "-156100000", "netIncomeFromContinuingOperations": "7900000", "netIncomeApplicableToCommonShares": "7900000", "preferredStockAndOtherAdjustments": "None"}, {"fiscalDateEnding": "2018-06-30", "reportedCurrency": "USD", "totalRevenue": "306000000", "totalOperatingExpense": "292000000", "costOfRevenue": "243200000", "grossProfit": "62800000", "ebit": "14000000", "netIncome": "10500000", "researchAndDevelopment": "0", "effectOfAccountingCharges": "0", "incomeBeforeTax": "12300000", "minorityInterest": "0", "sellingGeneralAdministrative": "48800000", "otherNonOperatingIncome": "None", "operatingIncome": "14000000", "otherOperatingExpense": "0", "interestExpense": "-1000000", "taxProvision": "None", "interestIncome": "None", "netInterestIncome": "None", "extraordinaryItems": "0", "nonRecurring": "0", "otherItems": "0", "incomeTaxExpense": "1800000", "totalOtherIncomeExpense": "-1700000", "discontinuedOperations": "-156100000", "netIncomeFromContinuingOperations": "10500000", "netIncomeApplicableToCommonShares": "10500000", "preferredStockAndOtherAdjustments": "None"}, {"fiscalDateEnding": "2018-03-31", "reportedCurrency": "USD", "totalRevenue": "257900000", "totalOperatingExpense": "266800000", "costOfRevenue": "218600000", "grossProfit": "39300000", "ebit": "-8900000", "netIncome": "-10400000", "researchAndDevelopment": "0", "effectOfAccountingCharges": "0", "incomeBeforeTax": "-10400000", "minorityInterest": "0", "sellingGeneralAdministrative": "48200000", "otherNonOperatingIncome": "None", "operatingIncome": "-8900000", "otherOperatingExpense": "0", "interestExpense": "-900000", "taxProvision": "None", "interestIncome": "None", "netInterestIncome": "None", "extraordinaryItems": "0", "nonRecurring": "0", "otherItems": "0", "incomeTaxExpense": "0", "totalOtherIncomeExpense": "-1500000", "discontinuedOperations": "-156100000", "netIncomeFromContinuingOperations": "-10400000", "netIncomeApplicableToCommonShares": "-10400000", "preferredStockAndOtherAdjustments": "None"}, {"fiscalDateEnding": "2017-12-31", "reportedCurrency": "USD", "totalRevenue": "262700000", "totalOperatingExpense": "964400000", "costOfRevenue": "203800000", "grossProfit": "119400000", "ebit": "35200000", "netIncome": "-23100000", "researchAndDevelopment": "0", "effectOfAccountingCharges": "0", "incomeBeforeTax": "11900000", "minorityInterest": "0", "sellingGeneralAdministrative": "51400000", "otherNonOperatingIncome": "None", "operatingIncome": "-18600000", "otherOperatingExpense": "0", "interestExpense": "800000", "taxProvision": "None", "interestIncome": "None", "netInterestIncome": "None", "extraordinaryItems": "0", "nonRecurring": "12500000", "otherItems": "0", "incomeTaxExpense": "2600000", "totalOtherIncomeExpense": "-7500000", "discontinuedOperations": "-24700000", "netIncomeFromContinuingOperations": "20200000", "netIncomeApplicableToCommonShares": "-4500000", "preferredStockAndOtherAdjustments": "None"}, {"fiscalDateEnding": "2017-09-30", "reportedCurrency": "USD", "totalRevenue": "308500000", "totalOperatingExpense": "-536100000", "costOfRevenue": "216700000", "grossProfit": "-25400000", "ebit": "-75500000", "netIncome": "-24100000", "researchAndDevelopment": "0", "effectOfAccountingCharges": "0", "incomeBeforeTax": "-40000000", "minorityInterest": "0", "sellingGeneralAdministrative": "49000000", "otherNonOperatingIncome": "None", "operatingIncome": "7000000", "otherOperatingExpense": "0", "interestExpense": "800000", "taxProvision": "None", "interestIncome": "None", "netInterestIncome": "None", "extraordinaryItems": "0", "nonRecurring": "12500000", "otherItems": "0", "incomeTaxExpense": "-15900000", "totalOtherIncomeExpense": "0", "discontinuedOperations": "0", "netIncomeFromContinuingOperations": "-58300000", "netIncomeApplicableToCommonShares": "-42700000", "preferredStockAndOtherAdjustments": "None"}, {"fiscalDateEnding": "2017-06-30", "reportedCurrency": "USD", "totalRevenue": "297300000", "totalOperatingExpense": "287400000", "costOfRevenue": "226900000", "grossProfit": "10000000", "ebit": "38100000", "netIncome": "5400000", "researchAndDevelopment": "0", "effectOfAccountingCharges": "0", "incomeBeforeTax": "9000000", "minorityInterest": "0", "sellingGeneralAdministrative": "46700000", "otherNonOperatingIncome": "None", "operatingIncome": "11200000", "otherOperatingExpense": "0", "interestExpense": "700000", "taxProvision": "None", "interestIncome": "None", "netInterestIncome": "None", "extraordinaryItems": "0", "nonRecurring": "-25000000", "otherItems": "0", "incomeTaxExpense": "3600000", "totalOtherIncomeExpense": "0", "discontinuedOperations": "0", "netIncomeFromContinuingOperations": "28800000", "netIncomeApplicableToCommonShares": "5400000", "preferredStockAndOtherAdjustments": "None"}, {"fiscalDateEnding": "2017-03-31", "reportedCurrency": "USD", "totalRevenue": "265200000", "totalOperatingExpense": "0", "costOfRevenue": "205700000", "grossProfit": "47100000", "ebit": "-9400000", "netIncome": "-7800000", "researchAndDevelopment": "0", "effectOfAccountingCharges": "0", "incomeBeforeTax": "-9900000", "minorityInterest": "0", "sellingGeneralAdministrative": "51800000", "otherNonOperatingIncome": "None", "operatingIncome": "-9600000", "otherOperatingExpense": "0", "interestExpense": "500000", "taxProvision": "None", "interestIncome": "None", "netInterestIncome": "None", "extraordinaryItems": "0", "nonRecurring": "12500000", "otherItems": "0", "incomeTaxExpense": "-2100000", "totalOtherIncomeExpense": "0", "discontinuedOperations": "0", "netIncomeFromContinuingOperations": "-7800000", "netIncomeApplicableToCommonShares": "-7800000", "preferredStockAndOtherAdjustments": "None"}, {"fiscalDateEnding": "2016-12-31", "reportedCurrency": "USD", "totalRevenue": "271700000", "totalOperatingExpense": "725400000", "costOfRevenue": "214200000", "grossProfit": "87700000", "ebit": "-9600000", "netIncome": "-100000", "researchAndDevelopment": "12700000", "effectOfAccountingCharges": "0", "incomeBeforeTax": "-36200000", "minorityInterest": "0", "sellingGeneralAdministrative": "54200000", "otherNonOperatingIncome": "None", "operatingIncome": "-33200000", "otherOperatingExpense": "0", "interestExpense": "200000", "taxProvision": "None", "interestIncome": "None", "netInterestIncome": "None", "extraordinaryItems": "0", "nonRecurring": "12500000", "otherItems": "0", "incomeTaxExpense": "-10700000", "totalOtherIncomeExpense": "-5600000", "discontinuedOperations": "25400000", "netIncomeFromContinuingOperations": "-13600000", "netIncomeApplicableToCommonShares": "-100000", "preferredStockAndOtherAdjustments": "None"}, {"fiscalDateEnding": "2016-09-30", "reportedCurrency": "USD", "totalRevenue": "313400000", "totalOperatingExpense": "0", "costOfRevenue": "231500000", "grossProfit": "4700000", "ebit": "-13100000", "netIncome": "9300000", "researchAndDevelopment": "0", "effectOfAccountingCharges": "0", "incomeBeforeTax": "15300000", "minorityInterest": "0", "sellingGeneralAdministrative": "52100000", "otherNonOperatingIncome": "None", "operatingIncome": "17900000", "otherOperatingExpense": "0", "interestExpense": "600000", "taxProvision": "None", "interestIncome": "None", "netInterestIncome": "None", "extraordinaryItems": "0", "nonRecurring": "0", "otherItems": "0", "incomeTaxExpense": "6000000", "totalOtherIncomeExpense": "0", "discontinuedOperations": "0", "netIncomeFromContinuingOperations": "-6500000", "netIncomeApplicableToCommonShares": "9300000", "preferredStockAndOtherAdjustments": "None"}, {"fiscalDateEnding": "2016-06-30", "reportedCurrency": "USD", "totalRevenue": "323700000", "totalOperatingExpense": "0", "costOfRevenue": "247700000", "grossProfit": "16000000", "ebit": "7400000", "netIncome": "7000000", "researchAndDevelopment": "0", "effectOfAccountingCharges": "0", "incomeBeforeTax": "11400000", "minorityInterest": "0", "sellingGeneralAdministrative": "51400000", "otherNonOperatingIncome": "None", "operatingIncome": "13800000", "otherOperatingExpense": "0", "interestExpense": "700000", "taxProvision": "None", "interestIncome": "None", "netInterestIncome": "None", "extraordinaryItems": "0", "nonRecurring": "0", "otherItems": "0", "incomeTaxExpense": "4400000", "totalOtherIncomeExpense": "0", "discontinuedOperations": "0", "netIncomeFromContinuingOperations": "3900000", "netIncomeApplicableToCommonShares": "7000000", "preferredStockAndOtherAdjustments": "None"}, {"fiscalDateEnding": "2016-03-31", "reportedCurrency": "USD", "totalRevenue": "284400000", "totalOperatingExpense": "0", "costOfRevenue": "223100000", "grossProfit": "47200000", "ebit": "0", "netIncome": "-2600000", "researchAndDevelopment": "0", "effectOfAccountingCharges": "0", "incomeBeforeTax": "-4700000", "minorityInterest": "0", "sellingGeneralAdministrative": "51800000", "otherNonOperatingIncome": "None", "operatingIncome": "-4600000", "otherOperatingExpense": "0", "interestExpense": "0", "taxProvision": "None", "interestIncome": "None", "netInterestIncome": "None", "extraordinaryItems": "0", "nonRecurring": "0", "otherItems": "0", "incomeTaxExpense": "500000", "totalOtherIncomeExpense": "0", "discontinuedOperations": "0", "netIncomeFromContinuingOperations": "0", "netIncomeApplicableToCommonShares": "0", "preferredStockAndOtherAdjustments": "None"}, {"fiscalDateEnding": "2015-12-31", "reportedCurrency": "USD", "totalRevenue": "280100000", "totalOperatingExpense": "1202700000", "costOfRevenue": "216300000", "grossProfit": "195700000", "ebit": "-14000000", "netIncome": "20700000", "researchAndDevelopment": "11400000", "effectOfAccountingCharges": "0", "incomeBeforeTax": "-27000000", "minorityInterest": "0", "sellingGeneralAdministrative": "58900000", "otherNonOperatingIncome": "None", "operatingIncome": "-25600000", "otherOperatingExpense": "0", "interestExpense": "-1500000", "taxProvision": "None", "interestIncome": "None", "netInterestIncome": "None", "extraordinaryItems": "0", "nonRecurring": "12500000", "otherItems": "0", "incomeTaxExpense": "-8900000", "totalOtherIncomeExpense": "-3600000", "discontinuedOperations": "39900000", "netIncomeFromContinuingOperations": "-10300000", "netIncomeApplicableToCommonShares": "21800000", "preferredStockAndOtherAdjustments": "None"}, {"fiscalDateEnding": "2015-09-30", "reportedCurrency": "USD", "totalRevenue": "322600000", "totalOperatingExpense": "0", "costOfRevenue": "247300000", "grossProfit": "0", "ebit": "0", "netIncome": "8900000", "researchAndDevelopment": "0", "effectOfAccountingCharges": "0", "incomeBeforeTax": "9400000", "minorityInterest": "0", "sellingGeneralAdministrative": "54100000", "otherNonOperatingIncome": "None", "operatingIncome": "11600000", "otherOperatingExpense": "0", "interestExpense": "0", "taxProvision": "None", "interestIncome": "None", "netInterestIncome": "None", "extraordinaryItems": "0", "nonRecurring": "0", "otherItems": "0", "incomeTaxExpense": "1600000", "totalOtherIncomeExpense": "0", "discontinuedOperations": "0", "netIncomeFromContinuingOperations": "0", "netIncomeApplicableToCommonShares": "7800000", "preferredStockAndOtherAdjustments": "None"}, {"fiscalDateEnding": "2015-06-30", "reportedCurrency": "USD", "totalRevenue": "326600000", "totalOperatingExpense": "0", "costOfRevenue": "250900000", "grossProfit": "0", "ebit": "0", "netIncome": "8600000", "researchAndDevelopment": "0", "effectOfAccountingCharges": "0", "incomeBeforeTax": "14500000", "minorityInterest": "0", "sellingGeneralAdministrative": "51800000", "otherNonOperatingIncome": "None", "operatingIncome": "14600000", "otherOperatingExpense": "0", "interestExpense": "0", "taxProvision": "None", "interestIncome": "None", "netInterestIncome": "None", "extraordinaryItems": "0", "nonRecurring": "0", "otherItems": "0", "incomeTaxExpense": "5700000", "totalOtherIncomeExpense": "0", "discontinuedOperations": "0", "netIncomeFromContinuingOperations": "0", "netIncomeApplicableToCommonShares": "8800000", "preferredStockAndOtherAdjustments": "None"}]}