{"symbol": "AFL", "annualReports": [{"fiscalDateEnding": "2019-12-31", "reportedCurrency": "USD", "totalRevenue": "22307000000", "totalOperatingExpense": "17862000000", "costOfRevenue": "14545000000", "grossProfit": "22307000000", "ebit": "4445000000", "netIncome": "3304000000", "researchAndDevelopment": "None", "effectOfAccountingCharges": "None", "incomeBeforeTax": "4445000000", "minorityInterest": "None", "sellingGeneralAdministrative": "273000000", "otherNonOperatingIncome": "None", "operatingIncome": "4445000000", "otherOperatingExpense": "17862000000", "interestExpense": "228000000", "taxProvision": "1141000000", "interestIncome": "-228000000", "netInterestIncome": "-228000000", "extraordinaryItems": "None", "nonRecurring": "None", "otherItems": "None", "incomeTaxExpense": "1141000000", "totalOtherIncomeExpense": "-228000000", "discontinuedOperations": "None", "netIncomeFromContinuingOperations": "3304000000", "netIncomeApplicableToCommonShares": "3304000000", "preferredStockAndOtherAdjustments": "None"}, {"fiscalDateEnding": "2018-12-31", "reportedCurrency": "USD", "totalRevenue": "21758000000", "totalOperatingExpense": "17775000000", "costOfRevenue": "14565000000", "grossProfit": "21758000000", "ebit": "3983000000", "netIncome": "2920000000", "researchAndDevelopment": "None", "effectOfAccountingCharges": "None", "incomeBeforeTax": "3983000000", "minorityInterest": "None", "sellingGeneralAdministrative": "291000000", "otherNonOperatingIncome": "None", "operatingIncome": "3983000000", "otherOperatingExpense": "17775000000", "interestExpense": "222000000", "taxProvision": "1063000000", "interestIncome": "-222000000", "netInterestIncome": "-222000000", "extraordinaryItems": "-18000000", "nonRecurring": "None", "otherItems": "None", "incomeTaxExpense": "1063000000", "totalOtherIncomeExpense": "-222000000", "discontinuedOperations": "None", "netIncomeFromContinuingOperations": "2920000000", "netIncomeApplicableToCommonShares": "2920000000", "preferredStockAndOtherAdjustments": "None"}, {"fiscalDateEnding": "2017-12-31", "reportedCurrency": "USD", "totalRevenue": "21667000000", "totalOperatingExpense": "17649000000", "costOfRevenue": "14629000000", "grossProfit": "21667000000", "ebit": "4005000000", "netIncome": "4604000000", "researchAndDevelopment": "0", "effectOfAccountingCharges": "None", "incomeBeforeTax": "4018000000", "minorityInterest": "None", "sellingGeneralAdministrative": "285000000", "otherNonOperatingIncome": "-13000000", "operatingIncome": "4018000000", "otherOperatingExpense": "17649000000", "interestExpense": "240000000", "taxProvision": "-586000000", "interestIncome": "-240000000", "netInterestIncome": "-240000000", "extraordinaryItems": "1933000000", "nonRecurring": "None", "otherItems": "None", "incomeTaxExpense": "-586000000", "totalOtherIncomeExpense": "-240000000", "discontinuedOperations": "None", "netIncomeFromContinuingOperations": "4604000000", "netIncomeApplicableToCommonShares": "4604000000", "preferredStockAndOtherAdjustments": "None"}, {"fiscalDateEnding": "2016-12-31", "reportedCurrency": "USD", "totalRevenue": "22559000000", "totalOperatingExpense": "18492000000", "costOfRevenue": "15428000000", "grossProfit": "22559000000", "ebit": "3930000000", "netIncome": "2659000000", "researchAndDevelopment": "0", "effectOfAccountingCharges": "None", "incomeBeforeTax": "4067000000", "minorityInterest": "None", "sellingGeneralAdministrative": "299000000", "otherNonOperatingIncome": "-137000000", "operatingIncome": "4067000000", "otherOperatingExpense": "18492000000", "interestExpense": "268000000", "taxProvision": "1408000000", "interestIncome": "-268000000", "netInterestIncome": "-268000000", "extraordinaryItems": "None", "nonRecurring": "None", "otherItems": "None", "incomeTaxExpense": "1408000000", "totalOtherIncomeExpense": "-268000000", "discontinuedOperations": "None", "netIncomeFromContinuingOperations": "2659000000", "netIncomeApplicableToCommonShares": "2659000000", "preferredStockAndOtherAdjustments": "None"}, {"fiscalDateEnding": "2015-12-31", "reportedCurrency": "USD", "totalRevenue": "20872000000", "totalOperatingExpense": "17010000000", "costOfRevenue": "14115000000", "grossProfit": "20872000000", "ebit": "3632000000", "netIncome": "2533000000", "researchAndDevelopment": "0", "effectOfAccountingCharges": "None", "incomeBeforeTax": "3862000000", "minorityInterest": "None", "sellingGeneralAdministrative": "276000000", "otherNonOperatingIncome": "-230000000", "operatingIncome": "3862000000", "otherOperatingExpense": "17010000000", "interestExpense": "-284000000", "taxProvision": "1329000000", "interestIncome": "-289000000", "netInterestIncome": "None", "extraordinaryItems": "None", "nonRecurring": "None", "otherItems": "None", "incomeTaxExpense": "1329000000", "totalOtherIncomeExpense": "-335000000", "discontinuedOperations": "None", "netIncomeFromContinuingOperations": "2533000000", "netIncomeApplicableToCommonShares": "2533000000", "preferredStockAndOtherAdjustments": "None"}], "quarterlyReports": [{"fiscalDateEnding": "2020-06-30", "reportedCurrency": "USD", "totalRevenue": "5407000000", "totalOperatingExpense": "4337000000", "costOfRevenue": "None", "grossProfit": "5407000000", "ebit": "1070000000", "netIncome": "805000000", "researchAndDevelopment": "None", "effectOfAccountingCharges": "None", "incomeBeforeTax": "1070000000", "minorityInterest": "None", "sellingGeneralAdministrative": "None", "otherNonOperatingIncome": "None", "operatingIncome": "1070000000", "otherOperatingExpense": "4337000000", "interestExpense": "63000000", "taxProvision": "265000000", "interestIncome": "None", "netInterestIncome": "-63000000", "extraordinaryItems": "None", "nonRecurring": "None", "otherItems": "None", "incomeTaxExpense": "265000000", "totalOtherIncomeExpense": "None", "discontinuedOperations": "None", "netIncomeFromContinuingOperations": "805000000", "netIncomeApplicableToCommonShares": "805000000", "preferredStockAndOtherAdjustments": "None"}, {"fiscalDateEnding": "2020-03-31", "reportedCurrency": "USD", "totalRevenue": "5162000000", "totalOperatingExpense": "4442000000", "costOfRevenue": "None", "grossProfit": "5162000000", "ebit": "705000000", "netIncome": "566000000", "researchAndDevelopment": "None", "effectOfAccountingCharges": "None", "incomeBeforeTax": "720000000", "minorityInterest": "None", "sellingGeneralAdministrative": "None", "otherNonOperatingIncome": "-15000000", "operatingIncome": "720000000", "otherOperatingExpense": "4442000000", "interestExpense": "55000000", "taxProvision": "154000000", "interestIncome": "-55000000", "netInterestIncome": "-55000000", "extraordinaryItems": "None", "nonRecurring": "None", "otherItems": "None", "incomeTaxExpense": "154000000", "totalOtherIncomeExpense": "None", "discontinuedOperations": "None", "netIncomeFromContinuingOperations": "566000000", "netIncomeApplicableToCommonShares": "566000000", "preferredStockAndOtherAdjustments": "None"}, {"fiscalDateEnding": "2019-12-31", "reportedCurrency": "USD", "totalRevenue": "5603000000", "totalOperatingExpense": "4545000000", "costOfRevenue": "3630000000", "grossProfit": "5603000000", "ebit": "1058000000", "netIncome": "782000000", "researchAndDevelopment": "None", "effectOfAccountingCharges": "None", "incomeBeforeTax": "1058000000", "minorityInterest": "None", "sellingGeneralAdministrative": "859000000", "otherNonOperatingIncome": "None", "operatingIncome": "1058000000", "otherOperatingExpense": "4545000000", "interestExpense": "57000000", "taxProvision": "276000000", "interestIncome": "-57000000", "netInterestIncome": "-57000000", "extraordinaryItems": "None", "nonRecurring": "None", "otherItems": "None", "incomeTaxExpense": "276000000", "totalOtherIncomeExpense": "-57000000", "discontinuedOperations": "None", "netIncomeFromContinuingOperations": "782000000", "netIncomeApplicableToCommonShares": "782000000", "preferredStockAndOtherAdjustments": "None"}, {"fiscalDateEnding": "2019-09-30", "reportedCurrency": "USD", "totalRevenue": "5536000000", "totalOperatingExpense": "4500000000", "costOfRevenue": "3674000000", "grossProfit": "5536000000", "ebit": "1036000000", "netIncome": "777000000", "researchAndDevelopment": "None", "effectOfAccountingCharges": "None", "incomeBeforeTax": "1036000000", "minorityInterest": "None", "sellingGeneralAdministrative": "769000000", "otherNonOperatingIncome": "None", "operatingIncome": "1036000000", "otherOperatingExpense": "4500000000", "interestExpense": "57000000", "taxProvision": "259000000", "interestIncome": "-57000000", "netInterestIncome": "-57000000", "extraordinaryItems": "None", "nonRecurring": "None", "otherItems": "None", "incomeTaxExpense": "259000000", "totalOtherIncomeExpense": "-57000000", "discontinuedOperations": "None", "netIncomeFromContinuingOperations": "777000000", "netIncomeApplicableToCommonShares": "777000000", "preferredStockAndOtherAdjustments": "None"}, {"fiscalDateEnding": "2019-06-30", "reportedCurrency": "USD", "totalRevenue": "5511000000", "totalOperatingExpense": "4402000000", "costOfRevenue": "3602000000", "grossProfit": "5511000000", "ebit": "1109000000", "netIncome": "817000000", "researchAndDevelopment": "None", "effectOfAccountingCharges": "None", "incomeBeforeTax": "1109000000", "minorityInterest": "None", "sellingGeneralAdministrative": "743000000", "otherNonOperatingIncome": "None", "operatingIncome": "1109000000", "otherOperatingExpense": "4402000000", "interestExpense": "57000000", "taxProvision": "292000000", "interestIncome": "-57000000", "netInterestIncome": "-57000000", "extraordinaryItems": "None", "nonRecurring": "None", "otherItems": "None", "incomeTaxExpense": "292000000", "totalOtherIncomeExpense": "-57000000", "discontinuedOperations": "None", "netIncomeFromContinuingOperations": "817000000", "netIncomeApplicableToCommonShares": "817000000", "preferredStockAndOtherAdjustments": "None"}, {"fiscalDateEnding": "2019-03-31", "reportedCurrency": "USD", "totalRevenue": "5657000000", "totalOperatingExpense": "4415000000", "costOfRevenue": "3638000000", "grossProfit": "5657000000", "ebit": "1242000000", "netIncome": "928000000", "researchAndDevelopment": "None", "effectOfAccountingCharges": "None", "incomeBeforeTax": "1242000000", "minorityInterest": "None", "sellingGeneralAdministrative": "719000000", "otherNonOperatingIncome": "None", "operatingIncome": "1242000000", "otherOperatingExpense": "4415000000", "interestExpense": "58000000", "taxProvision": "314000000", "interestIncome": "None", "netInterestIncome": "-58000000", "extraordinaryItems": "None", "nonRecurring": "None", "otherItems": "None", "incomeTaxExpense": "314000000", "totalOtherIncomeExpense": "-58000000", "discontinuedOperations": "None", "netIncomeFromContinuingOperations": "928000000", "netIncomeApplicableToCommonShares": "928000000", "preferredStockAndOtherAdjustments": "None"}, {"fiscalDateEnding": "2018-12-31", "reportedCurrency": "USD", "totalRevenue": "5128000000", "totalOperatingExpense": "4404000000", "costOfRevenue": "3551000000", "grossProfit": "5128000000", "ebit": "724000000", "netIncome": "526000000", "researchAndDevelopment": "0", "effectOfAccountingCharges": "0", "incomeBeforeTax": "724000000", "minorityInterest": "0", "sellingGeneralAdministrative": "795000000", "otherNonOperatingIncome": "None", "operatingIncome": "724000000", "otherOperatingExpense": "4404000000", "interestExpense": "-58000000", "taxProvision": "None", "interestIncome": "None", "netInterestIncome": "None", "extraordinaryItems": "-7000000", "nonRecurring": "0", "otherItems": "0", "incomeTaxExpense": "198000000", "totalOtherIncomeExpense": "-58000000", "discontinuedOperations": "0", "netIncomeFromContinuingOperations": "526000000", "netIncomeApplicableToCommonShares": "526000000", "preferredStockAndOtherAdjustments": "None"}, {"fiscalDateEnding": "2018-09-30", "reportedCurrency": "USD", "totalRevenue": "5577000000", "totalOperatingExpense": "4431000000", "costOfRevenue": "3648000000", "grossProfit": "5577000000", "ebit": "1146000000", "netIncome": "845000000", "researchAndDevelopment": "0", "effectOfAccountingCharges": "0", "incomeBeforeTax": "1146000000", "minorityInterest": "0", "sellingGeneralAdministrative": "730000000", "otherNonOperatingIncome": "None", "operatingIncome": "1146000000", "otherOperatingExpense": "4431000000", "interestExpense": "-53000000", "taxProvision": "None", "interestIncome": "None", "netInterestIncome": "None", "extraordinaryItems": "0", "nonRecurring": "0", "otherItems": "0", "incomeTaxExpense": "301000000", "totalOtherIncomeExpense": "-53000000", "discontinuedOperations": "0", "netIncomeFromContinuingOperations": "845000000", "netIncomeApplicableToCommonShares": "845000000", "preferredStockAndOtherAdjustments": "None"}, {"fiscalDateEnding": "2018-06-30", "reportedCurrency": "USD", "totalRevenue": "5589000000", "totalOperatingExpense": "4458000000", "costOfRevenue": "3672000000", "grossProfit": "5589000000", "ebit": "1131000000", "netIncome": "832000000", "researchAndDevelopment": "0", "effectOfAccountingCharges": "0", "incomeBeforeTax": "1131000000", "minorityInterest": "0", "sellingGeneralAdministrative": "732000000", "otherNonOperatingIncome": "None", "operatingIncome": "1131000000", "otherOperatingExpense": "4458000000", "interestExpense": "-54000000", "taxProvision": "None", "interestIncome": "None", "netInterestIncome": "None", "extraordinaryItems": "0", "nonRecurring": "0", "otherItems": "0", "incomeTaxExpense": "299000000", "totalOtherIncomeExpense": "-54000000", "discontinuedOperations": "0", "netIncomeFromContinuingOperations": "832000000", "netIncomeApplicableToCommonShares": "832000000", "preferredStockAndOtherAdjustments": "None"}, {"fiscalDateEnding": "2018-03-31", "reportedCurrency": "USD", "totalRevenue": "5464000000", "totalOperatingExpense": "4482000000", "costOfRevenue": "4397000000", "grossProfit": "5464000000", "ebit": "982000000", "netIncome": "717000000", "researchAndDevelopment": "0", "effectOfAccountingCharges": "0", "incomeBeforeTax": "982000000", "minorityInterest": "0", "sellingGeneralAdministrative": "733000000", "otherNonOperatingIncome": "None", "operatingIncome": "982000000", "otherOperatingExpense": "4482000000", "interestExpense": "56000000", "taxProvision": "None", "interestIncome": "None", "netInterestIncome": "None", "extraordinaryItems": "0", "nonRecurring": "0", "otherItems": "0", "incomeTaxExpense": "265000000", "totalOtherIncomeExpense": "-56000000", "discontinuedOperations": "0", "netIncomeFromContinuingOperations": "717000000", "netIncomeApplicableToCommonShares": "717000000", "preferredStockAndOtherAdjustments": "None"}, {"fiscalDateEnding": "2017-12-31", "reportedCurrency": "USD", "totalRevenue": "5401000000", "totalOperatingExpense": "34647000000", "costOfRevenue": "4335000000", "grossProfit": "7038000000", "ebit": "-20124000000", "netIncome": "2583000000", "researchAndDevelopment": "0", "effectOfAccountingCharges": "0", "incomeBeforeTax": "999000000", "minorityInterest": "0", "sellingGeneralAdministrative": "2094000000", "otherNonOperatingIncome": "None", "operatingIncome": "1066000000", "otherOperatingExpense": "-23406000000", "interestExpense": "59000000", "taxProvision": "None", "interestIncome": "None", "netInterestIncome": "None", "extraordinaryItems": "0", "nonRecurring": "0", "otherItems": "0", "incomeTaxExpense": "-945000000", "totalOtherIncomeExpense": "-240000000", "discontinuedOperations": "0", "netIncomeFromContinuingOperations": "-10307000000", "netIncomeApplicableToCommonShares": "2583000000", "preferredStockAndOtherAdjustments": "None"}, {"fiscalDateEnding": "2017-09-30", "reportedCurrency": "USD", "totalRevenue": "5506000000", "totalOperatingExpense": "4431000000", "costOfRevenue": "4362000000", "grossProfit": "5506000000", "ebit": "1075000000", "netIncome": "716000000", "researchAndDevelopment": "0", "effectOfAccountingCharges": "0", "incomeBeforeTax": "1075000000", "minorityInterest": "0", "sellingGeneralAdministrative": "-39000000", "otherNonOperatingIncome": "None", "operatingIncome": "1075000000", "otherOperatingExpense": "4431000000", "interestExpense": "59000000", "taxProvision": "None", "interestIncome": "None", "netInterestIncome": "None", "extraordinaryItems": "0", "nonRecurring": "0", "otherItems": "0", "incomeTaxExpense": "359000000", "totalOtherIncomeExpense": "0", "discontinuedOperations": "0", "netIncomeFromContinuingOperations": "716000000", "netIncomeApplicableToCommonShares": "716000000", "preferredStockAndOtherAdjustments": "None"}, {"fiscalDateEnding": "2017-06-30", "reportedCurrency": "USD", "totalRevenue": "5428000000", "totalOperatingExpense": "4383000000", "costOfRevenue": "4314000000", "grossProfit": "5428000000", "ebit": "1045000000", "netIncome": "713000000", "researchAndDevelopment": "0", "effectOfAccountingCharges": "0", "incomeBeforeTax": "1045000000", "minorityInterest": "0", "sellingGeneralAdministrative": "111000000", "otherNonOperatingIncome": "None", "operatingIncome": "1045000000", "otherOperatingExpense": "4383000000", "interestExpense": "60000000", "taxProvision": "None", "interestIncome": "None", "netInterestIncome": "None", "extraordinaryItems": "0", "nonRecurring": "0", "otherItems": "0", "incomeTaxExpense": "332000000", "totalOtherIncomeExpense": "0", "discontinuedOperations": "0", "netIncomeFromContinuingOperations": "713000000", "netIncomeApplicableToCommonShares": "713000000", "preferredStockAndOtherAdjustments": "None"}, {"fiscalDateEnding": "2017-03-31", "reportedCurrency": "USD", "totalRevenue": "5309000000", "totalOperatingExpense": "4411000000", "costOfRevenue": "4343000000", "grossProfit": "5309000000", "ebit": "898000000", "netIncome": "592000000", "researchAndDevelopment": "0", "effectOfAccountingCharges": "0", "incomeBeforeTax": "898000000", "minorityInterest": "0", "sellingGeneralAdministrative": "614000000", "otherNonOperatingIncome": "None", "operatingIncome": "898000000", "otherOperatingExpense": "4411000000", "interestExpense": "62000000", "taxProvision": "None", "interestIncome": "None", "netInterestIncome": "None", "extraordinaryItems": "0", "nonRecurring": "0", "otherItems": "0", "incomeTaxExpense": "306000000", "totalOtherIncomeExpense": "0", "discontinuedOperations": "0", "netIncomeFromContinuingOperations": "592000000", "netIncomeApplicableToCommonShares": "592000000", "preferredStockAndOtherAdjustments": "None"}, {"fiscalDateEnding": "2016-12-31", "reportedCurrency": "USD", "totalRevenue": "5661000000", "totalOperatingExpense": "18224000000", "costOfRevenue": "4593000000", "grossProfit": "7131000000", "ebit": "-31145000000", "netIncome": "751000000", "researchAndDevelopment": "0", "effectOfAccountingCharges": "0", "incomeBeforeTax": "1153000000", "minorityInterest": "0", "sellingGeneralAdministrative": "2171000000", "otherNonOperatingIncome": "None", "operatingIncome": "1068000000", "otherOperatingExpense": "-21374000000", "interestExpense": "72000000", "taxProvision": "None", "interestIncome": "None", "netInterestIncome": "None", "extraordinaryItems": "0", "nonRecurring": "0", "otherItems": "0", "incomeTaxExpense": "402000000", "totalOtherIncomeExpense": "-268000000", "discontinuedOperations": "0", "netIncomeFromContinuingOperations": "-19354000000", "netIncomeApplicableToCommonShares": "751000000", "preferredStockAndOtherAdjustments": "None"}, {"fiscalDateEnding": "2016-09-30", "reportedCurrency": "USD", "totalRevenue": "5716000000", "totalOperatingExpense": "4753000000", "costOfRevenue": "4688000000", "grossProfit": "5716000000", "ebit": "963000000", "netIncome": "629000000", "researchAndDevelopment": "0", "effectOfAccountingCharges": "0", "incomeBeforeTax": "963000000", "minorityInterest": "0", "sellingGeneralAdministrative": "12000000", "otherNonOperatingIncome": "None", "operatingIncome": "963000000", "otherOperatingExpense": "4753000000", "interestExpense": "65000000", "taxProvision": "None", "interestIncome": "None", "netInterestIncome": "None", "extraordinaryItems": "0", "nonRecurring": "0", "otherItems": "0", "incomeTaxExpense": "334000000", "totalOtherIncomeExpense": "0", "discontinuedOperations": "0", "netIncomeFromContinuingOperations": "629000000", "netIncomeApplicableToCommonShares": "629000000", "preferredStockAndOtherAdjustments": "None"}, {"fiscalDateEnding": "2016-06-30", "reportedCurrency": "USD", "totalRevenue": "5483000000", "totalOperatingExpense": "0", "costOfRevenue": "4537000000", "grossProfit": "0", "ebit": "834000000", "netIncome": "548000000", "researchAndDevelopment": "0", "effectOfAccountingCharges": "0", "incomeBeforeTax": "834000000", "minorityInterest": "0", "sellingGeneralAdministrative": "50000000", "otherNonOperatingIncome": "None", "operatingIncome": "834000000", "otherOperatingExpense": "4603000000", "interestExpense": "66000000", "taxProvision": "None", "interestIncome": "None", "netInterestIncome": "None", "extraordinaryItems": "0", "nonRecurring": "0", "otherItems": "0", "incomeTaxExpense": "286000000", "totalOtherIncomeExpense": "0", "discontinuedOperations": "0", "netIncomeFromContinuingOperations": "548000000", "netIncomeApplicableToCommonShares": "548000000", "preferredStockAndOtherAdjustments": "None"}, {"fiscalDateEnding": "2016-03-31", "reportedCurrency": "USD", "totalRevenue": "5451000000", "totalOperatingExpense": "4334000000", "costOfRevenue": "4269000000", "grossProfit": "5451000000", "ebit": "1117000000", "netIncome": "731000000", "researchAndDevelopment": "0", "effectOfAccountingCharges": "0", "incomeBeforeTax": "1117000000", "minorityInterest": "0", "sellingGeneralAdministrative": "563000000", "otherNonOperatingIncome": "None", "operatingIncome": "1117000000", "otherOperatingExpense": "4334000000", "interestExpense": "65000000", "taxProvision": "None", "interestIncome": "None", "netInterestIncome": "None", "extraordinaryItems": "0", "nonRecurring": "0", "otherItems": "0", "incomeTaxExpense": "386000000", "totalOtherIncomeExpense": "0", "discontinuedOperations": "0", "netIncomeFromContinuingOperations": "731000000", "netIncomeApplicableToCommonShares": "731000000", "preferredStockAndOtherAdjustments": "None"}, {"fiscalDateEnding": "2015-12-31", "reportedCurrency": "USD", "totalRevenue": "5319000000", "totalOperatingExpense": "16721000000", "costOfRevenue": "4144000000", "grossProfit": "6803000000", "ebit": "4197000000", "netIncome": "730000000", "researchAndDevelopment": "0", "effectOfAccountingCharges": "0", "incomeBeforeTax": "1110000000", "minorityInterest": "0", "sellingGeneralAdministrative": "2052000000", "otherNonOperatingIncome": "None", "operatingIncome": "1175000000", "otherOperatingExpense": "3672000000", "interestExpense": "65000000", "taxProvision": "None", "interestIncome": "None", "netInterestIncome": "None", "extraordinaryItems": "0", "nonRecurring": "0", "otherItems": "0", "incomeTaxExpense": "380000000", "totalOtherIncomeExpense": "-335000000", "discontinuedOperations": "0", "netIncomeFromContinuingOperations": "2533000000", "netIncomeApplicableToCommonShares": "730000000", "preferredStockAndOtherAdjustments": "None"}, {"fiscalDateEnding": "2015-09-30", "reportedCurrency": "USD", "totalRevenue": "5040000000", "totalOperatingExpense": "4176000000", "costOfRevenue": "4108000000", "grossProfit": "5040000000", "ebit": "864000000", "netIncome": "567000000", "researchAndDevelopment": "0", "effectOfAccountingCharges": "0", "incomeBeforeTax": "864000000", "minorityInterest": "0", "sellingGeneralAdministrative": "4000000", "otherNonOperatingIncome": "None", "operatingIncome": "864000000", "otherOperatingExpense": "4176000000", "interestExpense": "67000000", "taxProvision": "None", "interestIncome": "None", "netInterestIncome": "None", "extraordinaryItems": "0", "nonRecurring": "0", "otherItems": "0", "incomeTaxExpense": "297000000", "totalOtherIncomeExpense": "0", "discontinuedOperations": "0", "netIncomeFromContinuingOperations": "567000000", "netIncomeApplicableToCommonShares": "567000000", "preferredStockAndOtherAdjustments": "None"}, {"fiscalDateEnding": "2015-06-30", "reportedCurrency": "USD", "totalRevenue": "5287000000", "totalOperatingExpense": "4413000000", "costOfRevenue": "4109000000", "grossProfit": "5287000000", "ebit": "644000000", "netIncome": "573000000", "researchAndDevelopment": "0", "effectOfAccountingCharges": "0", "incomeBeforeTax": "874000000", "minorityInterest": "0", "sellingGeneralAdministrative": "20000000", "otherNonOperatingIncome": "-230000000", "operatingIncome": "874000000", "otherOperatingExpense": "4413000000", "interestExpense": "74000000", "taxProvision": "None", "interestIncome": "None", "netInterestIncome": "None", "extraordinaryItems": "0", "nonRecurring": "0", "otherItems": "0", "incomeTaxExpense": "301000000", "totalOtherIncomeExpense": "0", "discontinuedOperations": "0", "netIncomeFromContinuingOperations": "573000000", "netIncomeApplicableToCommonShares": "573000000", "preferredStockAndOtherAdjustments": "None"}]}