{"symbol": "AFYA", "annualReports": [{"fiscalDateEnding": "2019-12-31", "reportedCurrency": "BRL", "totalRevenue": "750630000", "totalOperatingExpense": "552180000", "costOfRevenue": "308853000", "grossProfit": "441777000", "ebit": "315560000", "netIncome": "153916000", "researchAndDevelopment": "0", "effectOfAccountingCharges": "0", "incomeBeforeTax": "186937000", "minorityInterest": "48632000", "sellingGeneralAdministrative": "239120000", "otherNonOperatingIncome": "0", "operatingIncome": "198450000", "otherOperatingExpense": "-2594000", "interestExpense": "55471000", "taxProvision": "14175000", "interestIncome": "9680000", "netInterestIncome": "-51381000", "extraordinaryItems": "0", "nonRecurring": "0", "otherItems": "0", "incomeTaxExpense": "14175000", "totalOtherIncomeExpense": "39868000", "discontinuedOperations": "0", "netIncomeFromContinuingOperations": "172762000", "netIncomeApplicableToCommonShares": "153916000", "preferredStockAndOtherAdjustments": "0"}, {"fiscalDateEnding": "2018-12-31", "reportedCurrency": "BRL", "totalRevenue": "333935000", "totalOperatingExpense": "237487000", "costOfRevenue": "168052000", "grossProfit": "165883000", "ebit": "110204000", "netIncome": "86353000", "researchAndDevelopment": "0", "effectOfAccountingCharges": "0", "incomeBeforeTax": "98722000", "minorityInterest": "88372000", "sellingGeneralAdministrative": "70034000", "otherNonOperatingIncome": "0", "operatingIncome": "96448000", "otherOperatingExpense": "-599000", "interestExpense": "2404000", "taxProvision": "3988000", "interestIncome": "4364000", "netInterestIncome": "-928000", "extraordinaryItems": "0", "nonRecurring": "0", "otherItems": "0", "incomeTaxExpense": "3988000", "totalOtherIncomeExpense": "3202000", "discontinuedOperations": "0", "netIncomeFromContinuingOperations": "94734000", "netIncomeApplicableToCommonShares": "86353000", "preferredStockAndOtherAdjustments": "0"}, {"fiscalDateEnding": "2017-12-31", "reportedCurrency": "BRL", "totalRevenue": "216008000", "totalOperatingExpense": "166665000", "costOfRevenue": "124065000", "grossProfit": "91943000", "ebit": "56044000", "netIncome": "45393000", "researchAndDevelopment": "0", "effectOfAccountingCharges": "0", "incomeBeforeTax": "50979000", "minorityInterest": "651000", "sellingGeneralAdministrative": "45355000", "otherNonOperatingIncome": "0", "operatingIncome": "49343000", "otherOperatingExpense": "-2755000", "interestExpense": "1042000", "taxProvision": "2500000", "interestIncome": "3174000", "netInterestIncome": "-381000", "extraordinaryItems": "0", "nonRecurring": "0", "otherItems": "0", "incomeTaxExpense": "2500000", "totalOtherIncomeExpense": "2017000", "discontinuedOperations": "0", "netIncomeFromContinuingOperations": "48479000", "netIncomeApplicableToCommonShares": "45393000", "preferredStockAndOtherAdjustments": "0"}], "quarterlyReports": [{"fiscalDateEnding": "2020-06-30", "reportedCurrency": "BRL", "totalRevenue": "274211000", "totalOperatingExpense": "197592000", "costOfRevenue": "106683000", "grossProfit": "167528000", "ebit": "112374000", "netIncome": "60679000", "researchAndDevelopment": "None", "effectOfAccountingCharges": "None", "incomeBeforeTax": "70227000", "minorityInterest": "49923000", "sellingGeneralAdministrative": "90039000", "otherNonOperatingIncome": "None", "operatingIncome": "76619000", "otherOperatingExpense": "689000", "interestExpense": "15764000", "taxProvision": "6341000", "interestIncome": "1810000", "netInterestIncome": "-19057000", "extraordinaryItems": "None", "nonRecurring": "None", "otherItems": "None", "incomeTaxExpense": "6341000", "totalOtherIncomeExpense": "12665000", "discontinuedOperations": "None", "netIncomeFromContinuingOperations": "63886000", "netIncomeApplicableToCommonShares": "60679000", "preferredStockAndOtherAdjustments": "None"}, {"fiscalDateEnding": "2020-03-31", "reportedCurrency": "BRL", "totalRevenue": "272304000", "totalOperatingExpense": "176033000", "costOfRevenue": "89251000", "grossProfit": "183053000", "ebit": "153533000", "netIncome": "99816000", "researchAndDevelopment": "None", "effectOfAccountingCharges": "None", "incomeBeforeTax": "109727000", "minorityInterest": "50886000", "sellingGeneralAdministrative": "86723000", "otherNonOperatingIncome": "None", "operatingIncome": "96271000", "otherOperatingExpense": "59000", "interestExpense": "18859000", "taxProvision": "6057000", "interestIncome": "30013000", "netInterestIncome": "11154000", "extraordinaryItems": "None", "nonRecurring": "None", "otherItems": "None", "incomeTaxExpense": "6057000", "totalOtherIncomeExpense": "2302000", "discontinuedOperations": "None", "netIncomeFromContinuingOperations": "103670000", "netIncomeApplicableToCommonShares": "99816000", "preferredStockAndOtherAdjustments": "None"}, {"fiscalDateEnding": "2019-12-31", "reportedCurrency": "BRL", "totalRevenue": "220846000", "totalOperatingExpense": "166995000", "costOfRevenue": "84856000", "grossProfit": "135990000", "ebit": "80454000", "netIncome": "49797000", "researchAndDevelopment": "0", "effectOfAccountingCharges": "0", "incomeBeforeTax": "57449000", "minorityInterest": "48632000", "sellingGeneralAdministrative": "77042000", "otherNonOperatingIncome": "0", "operatingIncome": "53851000", "otherOperatingExpense": "-1704000", "interestExpense": "556000", "taxProvision": "4473000", "interestIncome": "-28161000", "netInterestIncome": "-34307000", "extraordinaryItems": "0", "nonRecurring": "0", "otherItems": "0", "incomeTaxExpense": "4473000", "totalOtherIncomeExpense": "37905000", "discontinuedOperations": "0", "netIncomeFromContinuingOperations": "52976000", "netIncomeApplicableToCommonShares": "49797000", "preferredStockAndOtherAdjustments": "0"}, {"fiscalDateEnding": "2019-09-30", "reportedCurrency": "BRL", "totalRevenue": "206713000", "totalOperatingExpense": "158090000", "costOfRevenue": "87350000", "grossProfit": "119363000", "ebit": "101580000", "netIncome": "46267000", "researchAndDevelopment": "0", "effectOfAccountingCharges": "0", "incomeBeforeTax": "54732000", "minorityInterest": "47970000", "sellingGeneralAdministrative": "71260000", "otherNonOperatingIncome": "0", "operatingIncome": "48623000", "otherOperatingExpense": "-520000", "interestExpense": "24586000", "taxProvision": "5748000", "interestIncome": "29652000", "netInterestIncome": "5066000", "extraordinaryItems": "0", "nonRecurring": "0", "otherItems": "0", "incomeTaxExpense": "5748000", "totalOtherIncomeExpense": "1043000", "discontinuedOperations": "0", "netIncomeFromContinuingOperations": "48984000", "netIncomeApplicableToCommonShares": "46267000", "preferredStockAndOtherAdjustments": "0"}, {"fiscalDateEnding": "2019-06-30", "reportedCurrency": "BRL", "totalRevenue": "178493000", "totalOperatingExpense": "141291000", "costOfRevenue": "82283000", "grossProfit": "96210000", "ebit": "58159000", "netIncome": "16317000", "researchAndDevelopment": "0", "effectOfAccountingCharges": "0", "incomeBeforeTax": "23051000", "minorityInterest": "47596000", "sellingGeneralAdministrative": "59584000", "otherNonOperatingIncome": "0", "operatingIncome": "37202000", "otherOperatingExpense": "-576000", "interestExpense": "15721000", "taxProvision": "1725000", "interestIncome": "1410000", "netInterestIncome": "-16755000", "extraordinaryItems": "0", "nonRecurring": "0", "otherItems": "0", "incomeTaxExpense": "1725000", "totalOtherIncomeExpense": "2604000", "discontinuedOperations": "0", "netIncomeFromContinuingOperations": "21326000", "netIncomeApplicableToCommonShares": "16317000", "preferredStockAndOtherAdjustments": "0"}, {"fiscalDateEnding": "2019-03-31", "reportedCurrency": "BRL", "totalRevenue": "144578000", "totalOperatingExpense": "85804000", "costOfRevenue": "54364000", "grossProfit": "90214000", "ebit": "70128000", "netIncome": "49476000", "researchAndDevelopment": "0", "effectOfAccountingCharges": "0", "incomeBeforeTax": "51705000", "minorityInterest": "96313000", "sellingGeneralAdministrative": "31234000", "otherNonOperatingIncome": "0", "operatingIncome": "58774000", "otherOperatingExpense": "206000", "interestExpense": "9369000", "taxProvision": "2229000", "interestIncome": "-6676000", "netInterestIncome": "-7718000", "extraordinaryItems": "0", "nonRecurring": "0", "otherItems": "0", "incomeTaxExpense": "2229000", "totalOtherIncomeExpense": "649000", "discontinuedOperations": "0", "netIncomeFromContinuingOperations": "49476000", "netIncomeApplicableToCommonShares": "49476000", "preferredStockAndOtherAdjustments": "0"}, {"fiscalDateEnding": "2018-12-31", "reportedCurrency": "BRL", "totalRevenue": "22167030.34", "totalOperatingExpense": "0", "costOfRevenue": "11155505.66", "grossProfit": "11011524.68", "ebit": "0", "netIncome": "6288563.50", "researchAndDevelopment": "0", "effectOfAccountingCharges": "0", "incomeBeforeTax": "6553292.02", "minorityInterest": "0", "sellingGeneralAdministrative": "4648946.06", "otherNonOperatingIncome": "0", "operatingIncome": "6402341", "otherOperatingExpense": "0", "interestExpense": "0", "taxProvision": "850000", "interestIncome": "None", "netInterestIncome": "None", "extraordinaryItems": "0", "nonRecurring": "0", "otherItems": "0", "incomeTaxExpense": "264728.52", "totalOtherIncomeExpense": "0", "discontinuedOperations": "0", "netIncomeFromContinuingOperations": "0", "netIncomeApplicableToCommonShares": "6288563.50", "preferredStockAndOtherAdjustments": "0"}, {"fiscalDateEnding": "2018-09-30", "reportedCurrency": "USD", "totalRevenue": "1424727.92", "totalOperatingExpense": "1022401.75", "costOfRevenue": "742792.77", "grossProfit": "681935.15", "ebit": "402326.17", "netIncome": "375242.38", "researchAndDevelopment": "0", "effectOfAccountingCharges": "0", "incomeBeforeTax": "438134.74", "minorityInterest": "1484645.23", "sellingGeneralAdministrative": "299370.75", "otherNonOperatingIncome": "0", "operatingIncome": "402326.17", "otherOperatingExpense": "-19761.77", "interestExpense": "-693.67", "taxProvision": "None", "interestIncome": "None", "netInterestIncome": "None", "extraordinaryItems": "0", "nonRecurring": "0", "otherItems": "0", "incomeTaxExpense": "22767.65", "totalOtherIncomeExpense": "35808.57", "discontinuedOperations": "0", "netIncomeFromContinuingOperations": "415367.09", "netIncomeApplicableToCommonShares": "375242.38", "preferredStockAndOtherAdjustments": "0"}, {"fiscalDateEnding": "2018-06-30", "reportedCurrency": "USD", "totalRevenue": "19226935.85", "totalOperatingExpense": "13483516.48", "costOfRevenue": "9884998.72", "grossProfit": "9341937.13", "ebit": "5743419.37", "netIncome": "5229235.88", "researchAndDevelopment": "0", "effectOfAccountingCharges": "0", "incomeBeforeTax": "5841553.80", "minorityInterest": "24613595.71", "sellingGeneralAdministrative": "3726808.08", "otherNonOperatingIncome": "0", "operatingIncome": "5743419.37", "otherOperatingExpense": "-128290.31", "interestExpense": "-60056.22", "taxProvision": "None", "interestIncome": "None", "netInterestIncome": "None", "extraordinaryItems": "0", "nonRecurring": "0", "otherItems": "0", "incomeTaxExpense": "68234.09", "totalOtherIncomeExpense": "98134.42", "discontinuedOperations": "0", "netIncomeFromContinuingOperations": "5773319.70", "netIncomeApplicableToCommonShares": "5229235.88", "preferredStockAndOtherAdjustments": "0"}, {"fiscalDateEnding": "2018-03-31", "reportedCurrency": "USD", "totalRevenue": "18518965.93", "totalOperatingExpense": "12595433.68", "costOfRevenue": "8515039.86", "grossProfit": "10003926.07", "ebit": "5923532.25", "netIncome": "5288717.08", "researchAndDevelopment": "0", "effectOfAccountingCharges": "0", "incomeBeforeTax": "6115909.64", "minorityInterest": "29087037.93", "sellingGeneralAdministrative": "4307501.81", "otherNonOperatingIncome": "0", "operatingIncome": "5923532.25", "otherOperatingExpense": "-227108", "interestExpense": "-60703.07", "taxProvision": "None", "interestIncome": "None", "netInterestIncome": "None", "extraordinaryItems": "0", "nonRecurring": "0", "otherItems": "0", "incomeTaxExpense": "420995.41", "totalOtherIncomeExpense": "192377.39", "discontinuedOperations": "0", "netIncomeFromContinuingOperations": "5694914.23", "netIncomeApplicableToCommonShares": "5288717.08", "preferredStockAndOtherAdjustments": "0"}]}