{"symbol": "AGE", "annualReports": [{"fiscalDateEnding": "2019-12-31", "reportedCurrency": "USD", "totalRevenue": "1728000", "totalOperatingExpense": "14287000", "costOfRevenue": "244000", "grossProfit": "1484000", "ebit": "-11608000", "netIncome": "-12154000", "researchAndDevelopment": "5904000", "effectOfAccountingCharges": "None", "incomeBeforeTax": "-12236000", "minorityInterest": "399000", "sellingGeneralAdministrative": "8139000", "otherNonOperatingIncome": "None", "operatingIncome": "-12559000", "otherOperatingExpense": "None", "interestExpense": "None", "taxProvision": "148000", "interestIncome": "29000", "netInterestIncome": "29000", "extraordinaryItems": "None", "nonRecurring": "None", "otherItems": "None", "incomeTaxExpense": "148000", "totalOtherIncomeExpense": "294000", "discontinuedOperations": "None", "netIncomeFromContinuingOperations": "-12384000", "netIncomeApplicableToCommonShares": "-12154000", "preferredStockAndOtherAdjustments": "None"}, {"fiscalDateEnding": "2018-12-31", "reportedCurrency": "USD", "totalRevenue": "1396000", "totalOperatingExpense": "12641000", "costOfRevenue": "364000", "grossProfit": "1032000", "ebit": "-10710000", "netIncome": "-7502000", "researchAndDevelopment": "6630000", "effectOfAccountingCharges": "0", "incomeBeforeTax": "-7731000", "minorityInterest": "784000", "sellingGeneralAdministrative": "5647000", "otherNonOperatingIncome": "0", "operatingIncome": "-11245000", "otherOperatingExpense": "0", "interestExpense": "0", "taxProvision": "None", "interestIncome": "3331000", "netInterestIncome": "116000", "extraordinaryItems": "0", "nonRecurring": "0", "otherItems": "0", "incomeTaxExpense": "0", "totalOtherIncomeExpense": "3398000", "discontinuedOperations": "0", "netIncomeFromContinuingOperations": "-7731000", "netIncomeApplicableToCommonShares": "-7502000", "preferredStockAndOtherAdjustments": "0"}, {"fiscalDateEnding": "2017-12-31", "reportedCurrency": "USD", "totalRevenue": "1404000", "totalOperatingExpense": "9821000", "costOfRevenue": "168000", "grossProfit": "1236000", "ebit": "-7735000", "netIncome": "-6580000", "researchAndDevelopment": "5784000", "effectOfAccountingCharges": "0", "incomeBeforeTax": "-6637000", "minorityInterest": "1039000", "sellingGeneralAdministrative": "3869000", "otherNonOperatingIncome": "0", "operatingIncome": "-8417000", "otherOperatingExpense": "0", "interestExpense": "-12000", "taxProvision": "None", "interestIncome": "-12000", "netInterestIncome": "-12000", "extraordinaryItems": "0", "nonRecurring": "0", "otherItems": "0", "incomeTaxExpense": "0", "totalOtherIncomeExpense": "1792000", "discontinuedOperations": "0", "netIncomeFromContinuingOperations": "-6637000", "netIncomeApplicableToCommonShares": "-6580000", "preferredStockAndOtherAdjustments": "0"}, {"fiscalDateEnding": "2016-12-31", "reportedCurrency": "USD", "totalRevenue": "1666000", "totalOperatingExpense": "14405000", "costOfRevenue": "304000", "grossProfit": "1362000", "ebit": "-12739000", "netIncome": "-15492000", "researchAndDevelopment": "8479000", "effectOfAccountingCharges": "0", "incomeBeforeTax": "-17355000", "minorityInterest": "1044000", "sellingGeneralAdministrative": "5622000", "otherNonOperatingIncome": "0", "operatingIncome": "-12739000", "otherOperatingExpense": "0", "interestExpense": "-25000", "taxProvision": "None", "interestIncome": "-4696000", "netInterestIncome": "None", "extraordinaryItems": "0", "nonRecurring": "0", "otherItems": "0", "incomeTaxExpense": "0", "totalOtherIncomeExpense": "-4616000", "discontinuedOperations": "0", "netIncomeFromContinuingOperations": "-17355000", "netIncomeApplicableToCommonShares": "-15492000", "preferredStockAndOtherAdjustments": "0"}], "quarterlyReports": [{"fiscalDateEnding": "2020-06-30", "reportedCurrency": "USD", "totalRevenue": "414000", "totalOperatingExpense": "3039000", "costOfRevenue": "36000", "grossProfit": "378000", "ebit": "-2257000", "netIncome": "-2689000", "researchAndDevelopment": "1350000", "effectOfAccountingCharges": "None", "incomeBeforeTax": "-2731000", "minorityInterest": "322000", "sellingGeneralAdministrative": "1653000", "otherNonOperatingIncome": "None", "operatingIncome": "-2625000", "otherOperatingExpense": "None", "interestExpense": "None", "taxProvision": "0", "interestIncome": "None", "netInterestIncome": "-87000", "extraordinaryItems": "None", "nonRecurring": "None", "otherItems": "None", "incomeTaxExpense": "None", "totalOtherIncomeExpense": "-19000", "discontinuedOperations": "None", "netIncomeFromContinuingOperations": "-2731000", "netIncomeApplicableToCommonShares": "-2689000", "preferredStockAndOtherAdjustments": "None"}, {"fiscalDateEnding": "2020-03-31", "reportedCurrency": "USD", "totalRevenue": "515000", "totalOperatingExpense": "3710000", "costOfRevenue": "34000", "grossProfit": "481000", "ebit": "-2828000", "netIncome": "-3187000", "researchAndDevelopment": "1603000", "effectOfAccountingCharges": "None", "incomeBeforeTax": "-3222000", "minorityInterest": "364000", "sellingGeneralAdministrative": "2073000", "otherNonOperatingIncome": "None", "operatingIncome": "-3195000", "otherOperatingExpense": "None", "interestExpense": "52000", "taxProvision": "0", "interestIncome": "-52000", "netInterestIncome": "-52000", "extraordinaryItems": "None", "nonRecurring": "None", "otherItems": "None", "incomeTaxExpense": "None", "totalOtherIncomeExpense": "25000", "discontinuedOperations": "None", "netIncomeFromContinuingOperations": "-3222000", "netIncomeApplicableToCommonShares": "-3187000", "preferredStockAndOtherAdjustments": "None"}, {"fiscalDateEnding": "2019-12-31", "reportedCurrency": "USD", "totalRevenue": "549000", "totalOperatingExpense": "3265000", "costOfRevenue": "79000", "grossProfit": "470000", "ebit": "-2422000", "netIncome": "-2711000", "researchAndDevelopment": "1469000", "effectOfAccountingCharges": "None", "incomeBeforeTax": "-2723000", "minorityInterest": "399000", "sellingGeneralAdministrative": "1717000", "otherNonOperatingIncome": "None", "operatingIncome": "-2716000", "otherOperatingExpense": "None", "interestExpense": "None", "taxProvision": "18000", "interestIncome": "-24000", "netInterestIncome": "-24000", "extraordinaryItems": "None", "nonRecurring": "None", "otherItems": "None", "incomeTaxExpense": "18000", "totalOtherIncomeExpense": "17000", "discontinuedOperations": "None", "netIncomeFromContinuingOperations": "-2741000", "netIncomeApplicableToCommonShares": "-2711000", "preferredStockAndOtherAdjustments": "None"}, {"fiscalDateEnding": "2019-09-30", "reportedCurrency": "USD", "totalRevenue": "411000", "totalOperatingExpense": "3690000", "costOfRevenue": "49000", "grossProfit": "362000", "ebit": "-3022000", "netIncome": "-3221000", "researchAndDevelopment": "1447000", "effectOfAccountingCharges": "None", "incomeBeforeTax": "-3223000", "minorityInterest": "604000", "sellingGeneralAdministrative": "2194000", "otherNonOperatingIncome": "None", "operatingIncome": "-3279000", "otherOperatingExpense": "None", "interestExpense": "None", "taxProvision": "54000", "interestIncome": "8000", "netInterestIncome": "8000", "extraordinaryItems": "None", "nonRecurring": "None", "otherItems": "None", "incomeTaxExpense": "54000", "totalOtherIncomeExpense": "48000", "discontinuedOperations": "None", "netIncomeFromContinuingOperations": "-3277000", "netIncomeApplicableToCommonShares": "-3221000", "preferredStockAndOtherAdjustments": "None"}, {"fiscalDateEnding": "2019-06-30", "reportedCurrency": "USD", "totalRevenue": "380000", "totalOperatingExpense": "3822000", "costOfRevenue": "53000", "grossProfit": "327000", "ebit": "-3191000", "netIncome": "-3089000", "researchAndDevelopment": "1650000", "effectOfAccountingCharges": "0", "incomeBeforeTax": "-3152000", "minorityInterest": "660000", "sellingGeneralAdministrative": "2119000", "otherNonOperatingIncome": "0", "operatingIncome": "-3442000", "otherOperatingExpense": "0", "interestExpense": "0", "taxProvision": "3000", "interestIncome": "33000", "netInterestIncome": "33000", "extraordinaryItems": "0", "nonRecurring": "0", "otherItems": "0", "incomeTaxExpense": "3000", "totalOtherIncomeExpense": "257000", "discontinuedOperations": "0", "netIncomeFromContinuingOperations": "-3155000", "netIncomeApplicableToCommonShares": "-3089000", "preferredStockAndOtherAdjustments": "0"}, {"fiscalDateEnding": "2019-03-31", "reportedCurrency": "USD", "totalRevenue": "388000", "totalOperatingExpense": "3510000", "costOfRevenue": "63000", "grossProfit": "325000", "ebit": "-2973000", "netIncome": "-3133000", "researchAndDevelopment": "1338000", "effectOfAccountingCharges": "0", "incomeBeforeTax": "-3138000", "minorityInterest": "706000", "sellingGeneralAdministrative": "2109000", "otherNonOperatingIncome": "0", "operatingIncome": "-3122000", "otherOperatingExpense": "0", "interestExpense": "0", "taxProvision": "73000", "interestIncome": "12000", "netInterestIncome": "12000", "extraordinaryItems": "0", "nonRecurring": "0", "otherItems": "0", "incomeTaxExpense": "73000", "totalOtherIncomeExpense": "-28000", "discontinuedOperations": "0", "netIncomeFromContinuingOperations": "-3211000", "netIncomeApplicableToCommonShares": "-3133000", "preferredStockAndOtherAdjustments": "0"}, {"fiscalDateEnding": "2018-12-31", "reportedCurrency": "USD", "totalRevenue": "313000", "totalOperatingExpense": "3671000", "costOfRevenue": "180000", "grossProfit": "133000", "ebit": "-3358000", "netIncome": "-3186000", "researchAndDevelopment": "1523000", "effectOfAccountingCharges": "0", "incomeBeforeTax": "-3274000", "minorityInterest": "784000", "sellingGeneralAdministrative": "1968000", "otherNonOperatingIncome": "0", "operatingIncome": "-3358000", "otherOperatingExpense": "0", "interestExpense": "0", "taxProvision": "None", "interestIncome": "None", "netInterestIncome": "None", "extraordinaryItems": "0", "nonRecurring": "0", "otherItems": "0", "incomeTaxExpense": "0", "totalOtherIncomeExpense": "84000", "discontinuedOperations": "0", "netIncomeFromContinuingOperations": "-3274000", "netIncomeApplicableToCommonShares": "-3186000", "preferredStockAndOtherAdjustments": "0"}, {"fiscalDateEnding": "2018-09-30", "reportedCurrency": "USD", "totalRevenue": "380000", "totalOperatingExpense": "2582000", "costOfRevenue": "-4000", "grossProfit": "384000", "ebit": "-2202000", "netIncome": "-2151000", "researchAndDevelopment": "1332000", "effectOfAccountingCharges": "0", "incomeBeforeTax": "-2185000", "minorityInterest": "872000", "sellingGeneralAdministrative": "1254000", "otherNonOperatingIncome": "0", "operatingIncome": "-2202000", "otherOperatingExpense": "0", "interestExpense": "0", "taxProvision": "None", "interestIncome": "None", "netInterestIncome": "None", "extraordinaryItems": "0", "nonRecurring": "0", "otherItems": "0", "incomeTaxExpense": "0", "totalOtherIncomeExpense": "17000", "discontinuedOperations": "0", "netIncomeFromContinuingOperations": "-2185000", "netIncomeApplicableToCommonShares": "-2151000", "preferredStockAndOtherAdjustments": "0"}, {"fiscalDateEnding": "2018-06-30", "reportedCurrency": "USD", "totalRevenue": "15190.95", "totalOperatingExpense": "5.31", "costOfRevenue": "2586.39", "grossProfit": "12604.56", "ebit": "-69865.28", "netIncome": "-63186.50", "researchAndDevelopment": "45310.94", "effectOfAccountingCharges": "0", "incomeBeforeTax": "-63874.02", "minorityInterest": "30643.81", "sellingGeneralAdministrative": "37158.90", "otherNonOperatingIncome": "0", "operatingIncome": "-69865.28", "otherOperatingExpense": "0", "interestExpense": "0", "taxProvision": "None", "interestIncome": "None", "netInterestIncome": "None", "extraordinaryItems": "0", "nonRecurring": "0", "otherItems": "0", "incomeTaxExpense": "0", "totalOtherIncomeExpense": "5991.26", "discontinuedOperations": "0", "netIncomeFromContinuingOperations": "-63874.02", "netIncomeApplicableToCommonShares": "-63186.50", "preferredStockAndOtherAdjustments": "0"}, {"fiscalDateEnding": "2018-03-31", "reportedCurrency": "USD", "totalRevenue": "8200.94", "totalOperatingExpense": "102597.54", "costOfRevenue": "3740.18", "grossProfit": "4460.76", "ebit": "-94396.60", "netIncome": "-8063.69", "researchAndDevelopment": "54592.87", "effectOfAccountingCharges": "0", "incomeBeforeTax": "-11014.65", "minorityInterest": "32769.45", "sellingGeneralAdministrative": "44264.49", "otherNonOperatingIncome": "None", "operatingIncome": "-94396.60", "otherOperatingExpense": "0", "interestExpense": "0", "taxProvision": "None", "interestIncome": "None", "netInterestIncome": "None", "extraordinaryItems": "0", "nonRecurring": "0", "otherItems": "0", "incomeTaxExpense": "0", "totalOtherIncomeExpense": "83381.94", "discontinuedOperations": "0", "netIncomeFromContinuingOperations": "-11014.65", "netIncomeApplicableToCommonShares": "-8063.69", "preferredStockAndOtherAdjustments": "None"}, {"fiscalDateEnding": "2017-12-31", "reportedCurrency": "USD", "totalRevenue": "458000", "totalOperatingExpense": "7514000", "costOfRevenue": "1891000", "grossProfit": "912000", "ebit": "-6487000", "netIncome": "-4626000", "researchAndDevelopment": "1267000", "effectOfAccountingCharges": "0", "incomeBeforeTax": "-4626000", "minorityInterest": "84000", "sellingGeneralAdministrative": "3146000", "otherNonOperatingIncome": "None", "operatingIncome": "-6487000", "otherOperatingExpense": "0", "interestExpense": "-12000", "taxProvision": "None", "interestIncome": "None", "netInterestIncome": "None", "extraordinaryItems": "0", "nonRecurring": "0", "otherItems": "0", "incomeTaxExpense": "0", "totalOtherIncomeExpense": "1861000", "discontinuedOperations": "0", "netIncomeFromContinuingOperations": "-4626000", "netIncomeApplicableToCommonShares": "-4626000", "preferredStockAndOtherAdjustments": "None"}, {"fiscalDateEnding": "2017-09-30", "reportedCurrency": "USD", "totalRevenue": "377000", "totalOperatingExpense": "2307000", "costOfRevenue": "2201000", "grossProfit": "324000", "ebit": "-1930000", "netIncome": "-1954000", "researchAndDevelopment": "1531000", "effectOfAccountingCharges": "0", "incomeBeforeTax": "-2011000", "minorityInterest": "660000", "sellingGeneralAdministrative": "723000", "otherNonOperatingIncome": "None", "operatingIncome": "-1930000", "otherOperatingExpense": "0", "interestExpense": "0", "taxProvision": "None", "interestIncome": "None", "netInterestIncome": "None", "extraordinaryItems": "0", "nonRecurring": "0", "otherItems": "0", "incomeTaxExpense": "0", "totalOtherIncomeExpense": "-81000", "discontinuedOperations": "0", "netIncomeFromContinuingOperations": "-2011000", "netIncomeApplicableToCommonShares": "-1954000", "preferredStockAndOtherAdjustments": "None"}, {"fiscalDateEnding": "2017-06-30", "reportedCurrency": "USD", "totalRevenue": "302000", "totalOperatingExpense": "0", "costOfRevenue": "2123000", "grossProfit": "0", "ebit": "0", "netIncome": "0", "researchAndDevelopment": "1290000", "effectOfAccountingCharges": "0", "incomeBeforeTax": "0", "minorityInterest": "295000", "sellingGeneralAdministrative": "0", "otherNonOperatingIncome": "None", "operatingIncome": "0", "otherOperatingExpense": "0", "interestExpense": "0", "taxProvision": "None", "interestIncome": "None", "netInterestIncome": "None", "extraordinaryItems": "0", "nonRecurring": "0", "otherItems": "0", "incomeTaxExpense": "0", "totalOtherIncomeExpense": "0", "discontinuedOperations": "0", "netIncomeFromContinuingOperations": "0", "netIncomeApplicableToCommonShares": "0", "preferredStockAndOtherAdjustments": "None"}, {"fiscalDateEnding": "2017-03-31", "reportedCurrency": "USD", "totalRevenue": "267000", "totalOperatingExpense": "0", "costOfRevenue": "2924000", "grossProfit": "0", "ebit": "0", "netIncome": "0", "researchAndDevelopment": "1696000", "effectOfAccountingCharges": "0", "incomeBeforeTax": "0", "minorityInterest": "0", "sellingGeneralAdministrative": "0", "otherNonOperatingIncome": "None", "operatingIncome": "0", "otherOperatingExpense": "0", "interestExpense": "0", "taxProvision": "None", "interestIncome": "None", "netInterestIncome": "None", "extraordinaryItems": "0", "nonRecurring": "0", "otherItems": "0", "incomeTaxExpense": "0", "totalOtherIncomeExpense": "0", "discontinuedOperations": "0", "netIncomeFromContinuingOperations": "0", "netIncomeApplicableToCommonShares": "0", "preferredStockAndOtherAdjustments": "None"}, {"fiscalDateEnding": "2016-12-31", "reportedCurrency": "USD", "totalRevenue": "1666000", "totalOperatingExpense": "14405000", "costOfRevenue": "13560000", "grossProfit": "1362000", "ebit": "-12739000", "netIncome": "-15492000", "researchAndDevelopment": "8479000", "effectOfAccountingCharges": "0", "incomeBeforeTax": "-17355000", "minorityInterest": "1044000", "sellingGeneralAdministrative": "5622000", "otherNonOperatingIncome": "None", "operatingIncome": "-12739000", "otherOperatingExpense": "0", "interestExpense": "25000", "taxProvision": "None", "interestIncome": "None", "netInterestIncome": "None", "extraordinaryItems": "0", "nonRecurring": "0", "otherItems": "0", "incomeTaxExpense": "0", "totalOtherIncomeExpense": "-4616000", "discontinuedOperations": "0", "netIncomeFromContinuingOperations": "-17355000", "netIncomeApplicableToCommonShares": "-15492000", "preferredStockAndOtherAdjustments": "None"}, {"fiscalDateEnding": "2016-09-30", "reportedCurrency": "USD", "totalRevenue": "0", "totalOperatingExpense": "0", "costOfRevenue": "0", "grossProfit": "0", "ebit": "0", "netIncome": "0", "researchAndDevelopment": "0", "effectOfAccountingCharges": "0", "incomeBeforeTax": "0", "minorityInterest": "0", "sellingGeneralAdministrative": "0", "otherNonOperatingIncome": "None", "operatingIncome": "0", "otherOperatingExpense": "0", "interestExpense": "0", "taxProvision": "None", "interestIncome": "None", "netInterestIncome": "None", "extraordinaryItems": "0", "nonRecurring": "0", "otherItems": "0", "incomeTaxExpense": "0", "totalOtherIncomeExpense": "0", "discontinuedOperations": "0", "netIncomeFromContinuingOperations": "0", "netIncomeApplicableToCommonShares": "0", "preferredStockAndOtherAdjustments": "None"}, {"fiscalDateEnding": "2016-06-30", "reportedCurrency": "USD", "totalRevenue": "0", "totalOperatingExpense": "0", "costOfRevenue": "0", "grossProfit": "0", "ebit": "0", "netIncome": "0", "researchAndDevelopment": "0", "effectOfAccountingCharges": "0", "incomeBeforeTax": "0", "minorityInterest": "0", "sellingGeneralAdministrative": "0", "otherNonOperatingIncome": "None", "operatingIncome": "0", "otherOperatingExpense": "0", "interestExpense": "0", "taxProvision": "None", "interestIncome": "None", "netInterestIncome": "None", "extraordinaryItems": "0", "nonRecurring": "0", "otherItems": "0", "incomeTaxExpense": "0", "totalOtherIncomeExpense": "0", "discontinuedOperations": "0", "netIncomeFromContinuingOperations": "0", "netIncomeApplicableToCommonShares": "0", "preferredStockAndOtherAdjustments": "None"}, {"fiscalDateEnding": "2016-03-31", "reportedCurrency": "USD", "totalRevenue": "0", "totalOperatingExpense": "0", "costOfRevenue": "0", "grossProfit": "0", "ebit": "0", "netIncome": "0", "researchAndDevelopment": "0", "effectOfAccountingCharges": "0", "incomeBeforeTax": "0", "minorityInterest": "0", "sellingGeneralAdministrative": "0", "otherNonOperatingIncome": "None", "operatingIncome": "0", "otherOperatingExpense": "0", "interestExpense": "0", "taxProvision": "None", "interestIncome": "None", "netInterestIncome": "None", "extraordinaryItems": "0", "nonRecurring": "0", "otherItems": "0", "incomeTaxExpense": "0", "totalOtherIncomeExpense": "0", "discontinuedOperations": "0", "netIncomeFromContinuingOperations": "0", "netIncomeApplicableToCommonShares": "0", "preferredStockAndOtherAdjustments": "None"}]}