{"symbol": "AGEN", "annualReports": [{"fiscalDateEnding": "2019-12-31", "reportedCurrency": "USD", "totalRevenue": "150048000", "totalOperatingExpense": "220185000", "costOfRevenue": "168339000", "grossProfit": "150048000", "ebit": "-70109000", "netIncome": "-107657000", "researchAndDevelopment": "168339000", "effectOfAccountingCharges": "None", "incomeBeforeTax": "-111560000", "minorityInterest": "-3903000", "sellingGeneralAdministrative": "51846000", "otherNonOperatingIncome": "28000", "operatingIncome": "-70137000", "otherOperatingExpense": "None", "interestExpense": "41451000", "taxProvision": "None", "interestIncome": "-41451000", "netInterestIncome": "-41451000", "extraordinaryItems": "None", "nonRecurring": "None", "otherItems": "None", "incomeTaxExpense": "None", "totalOtherIncomeExpense": "-5777000", "discontinuedOperations": "None", "netIncomeFromContinuingOperations": "-111560000", "netIncomeApplicableToCommonShares": "-107865000", "preferredStockAndOtherAdjustments": "208000"}, {"fiscalDateEnding": "2018-12-31", "reportedCurrency": "USD", "totalRevenue": "36783551", "totalOperatingExpense": "161940107", "costOfRevenue": "124600000", "grossProfit": "36783551", "ebit": "-130483458", "netIncome": "-159692116", "researchAndDevelopment": "124600359", "effectOfAccountingCharges": "0", "incomeBeforeTax": "-162044016", "minorityInterest": "-2078000", "sellingGeneralAdministrative": "37339748", "otherNonOperatingIncome": "-12949903", "operatingIncome": "-125156556", "otherOperatingExpense": "0", "interestExpense": "25272557", "taxProvision": "None", "interestIncome": "-25272560", "netInterestIncome": "-25272557", "extraordinaryItems": "0", "nonRecurring": "0", "otherItems": "0", "incomeTaxExpense": "0", "totalOtherIncomeExpense": "-11614903", "discontinuedOperations": "0", "netIncomeFromContinuingOperations": "-162044016", "netIncomeApplicableToCommonShares": "-159899000", "preferredStockAndOtherAdjustments": "206844"}, {"fiscalDateEnding": "2017-12-31", "reportedCurrency": "USD", "totalRevenue": "42877086", "totalOperatingExpense": "149866482", "costOfRevenue": "116125000", "grossProfit": "42877086", "ebit": "-95817699", "netIncome": "-120692492", "researchAndDevelopment": "116125299", "effectOfAccountingCharges": "0", "incomeBeforeTax": "-120692492", "minorityInterest": "-2078000", "sellingGeneralAdministrative": "33741183", "otherNonOperatingIncome": "1977398", "operatingIncome": "-106989396", "otherOperatingExpense": "0", "interestExpense": "18868494", "taxProvision": "0", "interestIncome": "-18868490", "netInterestIncome": "-18868494", "extraordinaryItems": "0", "nonRecurring": "0", "otherItems": "0", "incomeTaxExpense": "24582", "totalOtherIncomeExpense": "5165398", "discontinuedOperations": "0", "netIncomeFromContinuingOperations": "-120692492", "netIncomeApplicableToCommonShares": "-120898000", "preferredStockAndOtherAdjustments": "205541"}, {"fiscalDateEnding": "2016-12-31", "reportedCurrency": "USD", "totalRevenue": "22573303", "totalOperatingExpense": "130050069", "costOfRevenue": "94971379", "grossProfit": "22573303", "ebit": "-109679102", "netIncome": "-126995175", "researchAndDevelopment": "94971379", "effectOfAccountingCharges": "0", "incomeBeforeTax": "-126995175", "minorityInterest": "-2078000", "sellingGeneralAdministrative": "35078690", "otherNonOperatingIncome": "-2202336", "operatingIncome": "-107476766", "otherOperatingExpense": "0", "interestExpense": "17316073", "taxProvision": "0", "interestIncome": "-17316070", "netInterestIncome": "-17316073", "extraordinaryItems": "0", "nonRecurring": "0", "otherItems": "0", "incomeTaxExpense": "153952", "totalOtherIncomeExpense": "-4155336", "discontinuedOperations": "0", "netIncomeFromContinuingOperations": "-127149127", "netIncomeApplicableToCommonShares": "-127199421", "preferredStockAndOtherAdjustments": "204246"}, {"fiscalDateEnding": "2015-12-31", "reportedCurrency": "USD", "totalRevenue": "24817025", "totalOperatingExpense": "105517960", "costOfRevenue": "70444259", "grossProfit": "24817025", "ebit": "-86669106", "netIncome": "-87881121", "researchAndDevelopment": "70444259", "effectOfAccountingCharges": "0", "incomeBeforeTax": "-93268188", "minorityInterest": "-2078300", "sellingGeneralAdministrative": "35073701", "otherNonOperatingIncome": "-5968170", "operatingIncome": "-80700936", "otherOperatingExpense": "0", "interestExpense": "6599083", "taxProvision": "-5387070", "interestIncome": "-6599080", "netInterestIncome": "None", "extraordinaryItems": "0", "nonRecurring": "0", "otherItems": "0", "incomeTaxExpense": "-5141884", "totalOtherIncomeExpense": "-19270953", "discontinuedOperations": "0", "netIncomeFromContinuingOperations": "-88126304", "netIncomeApplicableToCommonShares": "-88084081", "preferredStockAndOtherAdjustments": "202960"}], "quarterlyReports": [{"fiscalDateEnding": "2020-06-30", "reportedCurrency": "USD", "totalRevenue": "26945000", "totalOperatingExpense": "59585000", "costOfRevenue": "634000", "grossProfit": "26311000", "ebit": "-33614000", "netIncome": "-49008000", "researchAndDevelopment": "38550000", "effectOfAccountingCharges": "None", "incomeBeforeTax": "-48244000", "minorityInterest": "764000", "sellingGeneralAdministrative": "21035000", "otherNonOperatingIncome": "-340000", "operatingIncome": "-33274000", "otherOperatingExpense": "None", "interestExpense": "14630000", "taxProvision": "None", "interestIncome": "None", "netInterestIncome": "-14630000", "extraordinaryItems": "None", "nonRecurring": "None", "otherItems": "None", "incomeTaxExpense": "None", "totalOtherIncomeExpense": "-7180000", "discontinuedOperations": "None", "netIncomeFromContinuingOperations": "-48244000", "netIncomeApplicableToCommonShares": "-47532000", "preferredStockAndOtherAdjustments": "52000"}, {"fiscalDateEnding": "2020-03-31", "reportedCurrency": "USD", "totalRevenue": "15128000", "totalOperatingExpense": "42592000", "costOfRevenue": "None", "grossProfit": "15128000", "ebit": "-31236000", "netIncome": "-44674000", "researchAndDevelopment": "36363000", "effectOfAccountingCharges": "None", "incomeBeforeTax": "-45271000", "minorityInterest": "-597000", "sellingGeneralAdministrative": "6229000", "otherNonOperatingIncome": "-3772000", "operatingIncome": "-27464000", "otherOperatingExpense": "None", "interestExpense": "14035000", "taxProvision": "None", "interestIncome": "-14035000", "netInterestIncome": "-14035000", "extraordinaryItems": "None", "nonRecurring": "None", "otherItems": "None", "incomeTaxExpense": "None", "totalOtherIncomeExpense": "612000", "discontinuedOperations": "None", "netIncomeFromContinuingOperations": "-45271000", "netIncomeApplicableToCommonShares": "-44726000", "preferredStockAndOtherAdjustments": "52000"}, {"fiscalDateEnding": "2019-12-31", "reportedCurrency": "USD", "totalRevenue": "34502000", "totalOperatingExpense": "53778000", "costOfRevenue": "36833000", "grossProfit": "34502000", "ebit": "-18998000", "netIncome": "-30055000", "researchAndDevelopment": "36834000", "effectOfAccountingCharges": "None", "incomeBeforeTax": "-30851000", "minorityInterest": "-796000", "sellingGeneralAdministrative": "16944000", "otherNonOperatingIncome": "278000", "operatingIncome": "-19276000", "otherOperatingExpense": "None", "interestExpense": "11853000", "taxProvision": "None", "interestIncome": "-11853000", "netInterestIncome": "-11853000", "extraordinaryItems": "None", "nonRecurring": "None", "otherItems": "None", "incomeTaxExpense": "None", "totalOtherIncomeExpense": "-4347000", "discontinuedOperations": "None", "netIncomeFromContinuingOperations": "-30851000", "netIncomeApplicableToCommonShares": "-30107000", "preferredStockAndOtherAdjustments": "52000"}, {"fiscalDateEnding": "2019-09-30", "reportedCurrency": "USD", "totalRevenue": "19940000", "totalOperatingExpense": "57644000", "costOfRevenue": "46132000", "grossProfit": "19940000", "ebit": "-33941000", "netIncome": "-45474000", "researchAndDevelopment": "46132000", "effectOfAccountingCharges": "None", "incomeBeforeTax": "-46277000", "minorityInterest": "-5185000", "sellingGeneralAdministrative": "11512000", "otherNonOperatingIncome": "304000", "operatingIncome": "-37704000", "otherOperatingExpense": "None", "interestExpense": "10658000", "taxProvision": "None", "interestIncome": "-10658000", "netInterestIncome": "-10658000", "extraordinaryItems": "None", "nonRecurring": "None", "otherItems": "None", "incomeTaxExpense": "None", "totalOtherIncomeExpense": "2085000", "discontinuedOperations": "None", "netIncomeFromContinuingOperations": "-46277000", "netIncomeApplicableToCommonShares": "-45526000", "preferredStockAndOtherAdjustments": "52000"}, {"fiscalDateEnding": "2019-06-30", "reportedCurrency": "USD", "totalRevenue": "15715000", "totalOperatingExpense": "56648000", "costOfRevenue": "45243000", "grossProfit": "15715000", "ebit": "-40387000", "netIncome": "-50634000", "researchAndDevelopment": "45243000", "effectOfAccountingCharges": "None", "incomeBeforeTax": "-51867000", "minorityInterest": "-1233000", "sellingGeneralAdministrative": "11405000", "otherNonOperatingIncome": "-924000", "operatingIncome": "-40933000", "otherOperatingExpense": "None", "interestExpense": "9797000", "taxProvision": "None", "interestIncome": "-9797000", "netInterestIncome": "-9797000", "extraordinaryItems": "None", "nonRecurring": "None", "otherItems": "None", "incomeTaxExpense": "None", "totalOtherIncomeExpense": "-1137000", "discontinuedOperations": "None", "netIncomeFromContinuingOperations": "-51867000", "netIncomeApplicableToCommonShares": "-50686000", "preferredStockAndOtherAdjustments": "52000"}, {"fiscalDateEnding": "2019-03-31", "reportedCurrency": "USD", "totalRevenue": "79891000", "totalOperatingExpense": "53683000", "costOfRevenue": "40130000", "grossProfit": "79891000", "ebit": "26578000", "netIncome": "18506000", "researchAndDevelopment": "40130000", "effectOfAccountingCharges": "0", "incomeBeforeTax": "17435000", "minorityInterest": "-1071000", "sellingGeneralAdministrative": "13553000", "otherNonOperatingIncome": "370000", "operatingIncome": "26208000", "otherOperatingExpense": "0", "interestExpense": "9143000", "taxProvision": "None", "interestIncome": "-9143000", "netInterestIncome": "-9143000", "extraordinaryItems": "0", "nonRecurring": "0", "otherItems": "0", "incomeTaxExpense": "0", "totalOtherIncomeExpense": "-2378000", "discontinuedOperations": "0", "netIncomeFromContinuingOperations": "17435000", "netIncomeApplicableToCommonShares": "18454000", "preferredStockAndOtherAdjustments": "52000"}, {"fiscalDateEnding": "2018-12-31", "reportedCurrency": "USD", "totalRevenue": "6450458", "totalOperatingExpense": "45875905", "costOfRevenue": "36031236", "grossProfit": "6450458", "ebit": "-40118890", "netIncome": "-46496636", "researchAndDevelopment": "36031236", "effectOfAccountingCharges": "0", "incomeBeforeTax": "-48848536", "minorityInterest": "-1093658", "sellingGeneralAdministrative": "9844669", "otherNonOperatingIncome": "-693443", "operatingIncome": "-39425447", "otherOperatingExpense": "0", "interestExpense": "8729646", "taxProvision": "None", "interestIncome": "None", "netInterestIncome": "None", "extraordinaryItems": "0", "nonRecurring": "0", "otherItems": "0", "incomeTaxExpense": "0", "totalOtherIncomeExpense": "-9544089", "discontinuedOperations": "0", "netIncomeFromContinuingOperations": "-48848536", "netIncomeApplicableToCommonShares": "-47806711", "preferredStockAndOtherAdjustments": "51833"}, {"fiscalDateEnding": "2018-09-30", "reportedCurrency": "USD", "totalRevenue": "12802427", "totalOperatingExpense": "38877716", "costOfRevenue": "29854310", "grossProfit": "12802427", "ebit": "-26192461", "netIncome": "-33730557", "researchAndDevelopment": "29854310", "effectOfAccountingCharges": "0", "incomeBeforeTax": "-33730557", "minorityInterest": "-604887", "sellingGeneralAdministrative": "9023406", "otherNonOperatingIncome": "-117172", "operatingIncome": "-26075289", "otherOperatingExpense": "0", "interestExpense": "7538096", "taxProvision": "None", "interestIncome": "None", "netInterestIncome": "None", "extraordinaryItems": "0", "nonRecurring": "0", "otherItems": "0", "incomeTaxExpense": "0", "totalOtherIncomeExpense": "-7475268", "discontinuedOperations": "0", "netIncomeFromContinuingOperations": "-33730557", "netIncomeApplicableToCommonShares": "-33177422", "preferredStockAndOtherAdjustments": "51752"}, {"fiscalDateEnding": "2018-06-30", "reportedCurrency": "USD", "totalRevenue": "15894625", "totalOperatingExpense": "32466642", "costOfRevenue": "29273528", "grossProfit": "15894625", "ebit": "-18979855", "netIncome": "-25203780", "researchAndDevelopment": "29273528", "effectOfAccountingCharges": "0", "incomeBeforeTax": "-25203780", "minorityInterest": "-532725", "sellingGeneralAdministrative": "3193114", "otherNonOperatingIncome": "-2407838", "operatingIncome": "-16572017", "otherOperatingExpense": "0", "interestExpense": "6223925", "taxProvision": "None", "interestIncome": "None", "netInterestIncome": "None", "extraordinaryItems": "0", "nonRecurring": "0", "otherItems": "0", "incomeTaxExpense": "0", "totalOtherIncomeExpense": "-2339763", "discontinuedOperations": "0", "netIncomeFromContinuingOperations": "-25203780", "netIncomeApplicableToCommonShares": "-24722725", "preferredStockAndOtherAdjustments": "51670"}, {"fiscalDateEnding": "2018-03-31", "reportedCurrency": "USD", "totalRevenue": "1636041", "totalOperatingExpense": "43384844", "costOfRevenue": "29441285", "grossProfit": "1636041", "ebit": "-51480253", "netIncome": "-54261143", "researchAndDevelopment": "29441285", "effectOfAccountingCharges": "0", "incomeBeforeTax": "-54261143", "minorityInterest": "-120630", "sellingGeneralAdministrative": "13943559", "otherNonOperatingIncome": "-9731450", "operatingIncome": "-41748803", "otherOperatingExpense": "0", "interestExpense": "2780890", "taxProvision": "None", "interestIncome": "None", "netInterestIncome": "None", "extraordinaryItems": "0", "nonRecurring": "0", "otherItems": "0", "incomeTaxExpense": "0", "totalOtherIncomeExpense": "-17528340", "discontinuedOperations": "0", "netIncomeFromContinuingOperations": "-54261143", "netIncomeApplicableToCommonShares": "-54192102", "preferredStockAndOtherAdjustments": "51589"}, {"fiscalDateEnding": "2017-12-31", "reportedCurrency": "USD", "totalRevenue": "8354271", "totalOperatingExpense": "38345810", "costOfRevenue": "40212000", "grossProfit": "8354271", "ebit": "-29931341", "netIncome": "-35034564", "researchAndDevelopment": "31872170", "effectOfAccountingCharges": "0", "incomeBeforeTax": "-35034564", "minorityInterest": "305940", "sellingGeneralAdministrative": "6473640", "otherNonOperatingIncome": "60198", "operatingIncome": "-29991539", "otherOperatingExpense": "0", "interestExpense": "5103223", "taxProvision": "None", "interestIncome": "None", "netInterestIncome": "None", "extraordinaryItems": "0", "nonRecurring": "0", "otherItems": "0", "incomeTaxExpense": "24582", "totalOtherIncomeExpense": "-13230350", "discontinuedOperations": "0", "netIncomeFromContinuingOperations": "-35059146", "netIncomeApplicableToCommonShares": "-35086071", "preferredStockAndOtherAdjustments": "51507"}, {"fiscalDateEnding": "2017-09-30", "reportedCurrency": "USD", "totalRevenue": "3359399", "totalOperatingExpense": "35023490", "costOfRevenue": "32335000", "grossProfit": "3359399", "ebit": "-32136836", "netIncome": "-36841707", "researchAndDevelopment": "25788707", "effectOfAccountingCharges": "0", "incomeBeforeTax": "-36841707", "minorityInterest": "-458910", "sellingGeneralAdministrative": "9234783", "otherNonOperatingIncome": "-472745", "operatingIncome": "-31664091", "otherOperatingExpense": "0", "interestExpense": "4704871", "taxProvision": "None", "interestIncome": "None", "netInterestIncome": "None", "extraordinaryItems": "0", "nonRecurring": "0", "otherItems": "0", "incomeTaxExpense": "0", "totalOtherIncomeExpense": "-2122558", "discontinuedOperations": "0", "netIncomeFromContinuingOperations": "-36841707", "netIncomeApplicableToCommonShares": "-36893133", "preferredStockAndOtherAdjustments": "51426"}, {"fiscalDateEnding": "2017-06-30", "reportedCurrency": "USD", "totalRevenue": "4207573", "totalOperatingExpense": "33095683", "costOfRevenue": "32432000", "grossProfit": "4207573", "ebit": "-27238299", "netIncome": "-31713042", "researchAndDevelopment": "25824431", "effectOfAccountingCharges": "0", "incomeBeforeTax": "-31713042", "minorityInterest": "152970", "sellingGeneralAdministrative": "7271252", "otherNonOperatingIncome": "1649811", "operatingIncome": "-28888110", "otherOperatingExpense": "0", "interestExpense": "4474743", "taxProvision": "None", "interestIncome": "None", "netInterestIncome": "None", "extraordinaryItems": "0", "nonRecurring": "0", "otherItems": "0", "incomeTaxExpense": "0", "totalOtherIncomeExpense": "909678", "discontinuedOperations": "0", "netIncomeFromContinuingOperations": "-31713042", "netIncomeApplicableToCommonShares": "-31764386", "preferredStockAndOtherAdjustments": "51344"}, {"fiscalDateEnding": "2017-03-31", "reportedCurrency": "USD", "totalRevenue": "26955843", "totalOperatingExpense": "40213499", "costOfRevenue": "38881000", "grossProfit": "26955843", "ebit": "-12517522", "netIncome": "-17103179", "researchAndDevelopment": "32639991", "effectOfAccountingCharges": "0", "incomeBeforeTax": "-17103179", "minorityInterest": "0", "sellingGeneralAdministrative": "7573508", "otherNonOperatingIncome": "740134", "operatingIncome": "-13257656", "otherOperatingExpense": "0", "interestExpense": "4585657", "taxProvision": "None", "interestIncome": "None", "netInterestIncome": "None", "extraordinaryItems": "0", "nonRecurring": "0", "otherItems": "0", "incomeTaxExpense": "0", "totalOtherIncomeExpense": "740134", "discontinuedOperations": "0", "netIncomeFromContinuingOperations": "-17103179", "netIncomeApplicableToCommonShares": "-17154443", "preferredStockAndOtherAdjustments": "51264"}, {"fiscalDateEnding": "2016-12-31", "reportedCurrency": "USD", "totalRevenue": "5575971", "totalOperatingExpense": "25251764", "costOfRevenue": "33363000", "grossProfit": "5575971", "ebit": "-21552782", "netIncome": "-26123273", "researchAndDevelopment": "25983089", "effectOfAccountingCharges": "0", "incomeBeforeTax": "-26123273", "minorityInterest": "0", "sellingGeneralAdministrative": "-731325", "otherNonOperatingIncome": "-1876989", "operatingIncome": "-19675793", "otherOperatingExpense": "0", "interestExpense": "4570491", "taxProvision": "None", "interestIncome": "None", "netInterestIncome": "None", "extraordinaryItems": "0", "nonRecurring": "0", "otherItems": "0", "incomeTaxExpense": "153952", "totalOtherIncomeExpense": "-21331773", "discontinuedOperations": "0", "netIncomeFromContinuingOperations": "-26277225", "netIncomeApplicableToCommonShares": "-26174455", "preferredStockAndOtherAdjustments": "51182"}, {"fiscalDateEnding": "2016-09-30", "reportedCurrency": "USD", "totalRevenue": "4446171", "totalOperatingExpense": "40670288", "costOfRevenue": "28557000", "grossProfit": "4446171", "ebit": "-36363753", "netIncome": "-40773520", "researchAndDevelopment": "21588026", "effectOfAccountingCharges": "0", "incomeBeforeTax": "-40773520", "minorityInterest": "0", "sellingGeneralAdministrative": "19082262", "otherNonOperatingIncome": "-139636", "operatingIncome": "-36224117", "otherOperatingExpense": "0", "interestExpense": "4409767", "taxProvision": "None", "interestIncome": "None", "netInterestIncome": "None", "extraordinaryItems": "0", "nonRecurring": "0", "otherItems": "0", "incomeTaxExpense": "0", "totalOtherIncomeExpense": "369158", "discontinuedOperations": "0", "netIncomeFromContinuingOperations": "-40773520", "netIncomeApplicableToCommonShares": "-40824622", "preferredStockAndOtherAdjustments": "51102"}, {"fiscalDateEnding": "2016-06-30", "reportedCurrency": "USD", "totalRevenue": "6592285", "totalOperatingExpense": "30200018", "costOfRevenue": "28202000", "grossProfit": "6592285", "ebit": "-24116527", "netIncome": "-28319879", "researchAndDevelopment": "22361786", "effectOfAccountingCharges": "0", "incomeBeforeTax": "-28319879", "minorityInterest": "0", "sellingGeneralAdministrative": "7838232", "otherNonOperatingIncome": "-508794", "operatingIncome": "-23607733", "otherOperatingExpense": "0", "interestExpense": "4203352", "taxProvision": "None", "interestIncome": "None", "netInterestIncome": "None", "extraordinaryItems": "0", "nonRecurring": "0", "otherItems": "0", "incomeTaxExpense": "0", "totalOtherIncomeExpense": "-831877", "discontinuedOperations": "0", "netIncomeFromContinuingOperations": "-28319879", "netIncomeApplicableToCommonShares": "-28370900", "preferredStockAndOtherAdjustments": "51021"}, {"fiscalDateEnding": "2016-03-31", "reportedCurrency": "USD", "totalRevenue": "5958876", "totalOperatingExpense": "33927999", "costOfRevenue": "33027000", "grossProfit": "5958876", "ebit": "-27646040", "netIncome": "-31778503", "researchAndDevelopment": "25038478", "effectOfAccountingCharges": "0", "incomeBeforeTax": "-31778503", "minorityInterest": "0", "sellingGeneralAdministrative": "8889521", "otherNonOperatingIncome": "323083", "operatingIncome": "-27969123", "otherOperatingExpense": "0", "interestExpense": "4132463", "taxProvision": "None", "interestIncome": "None", "netInterestIncome": "None", "extraordinaryItems": "0", "nonRecurring": "0", "otherItems": "0", "incomeTaxExpense": "0", "totalOtherIncomeExpense": "323083", "discontinuedOperations": "0", "netIncomeFromContinuingOperations": "-31778503", "netIncomeApplicableToCommonShares": "-31829444", "preferredStockAndOtherAdjustments": "50941"}, {"fiscalDateEnding": "2015-12-31", "reportedCurrency": "USD", "totalRevenue": "7638833", "totalOperatingExpense": "25785294", "costOfRevenue": "22254000", "grossProfit": "7638833", "ebit": "-16758493", "netIncome": "-15607024", "researchAndDevelopment": "17948943", "effectOfAccountingCharges": "0", "incomeBeforeTax": "-20994091", "minorityInterest": "0", "sellingGeneralAdministrative": "7836351", "otherNonOperatingIncome": "1387969", "operatingIncome": "-18146462", "otherOperatingExpense": "0", "interestExpense": "4235599", "taxProvision": "None", "interestIncome": "None", "netInterestIncome": "None", "extraordinaryItems": "0", "nonRecurring": "0", "otherItems": "0", "incomeTaxExpense": "-5141884", "totalOtherIncomeExpense": "-25320340", "discontinuedOperations": "0", "netIncomeFromContinuingOperations": "-15852207", "netIncomeApplicableToCommonShares": "-15657884", "preferredStockAndOtherAdjustments": "50860"}, {"fiscalDateEnding": "2015-09-30", "reportedCurrency": "USD", "totalRevenue": "6848194", "totalOperatingExpense": "17915965", "costOfRevenue": "24391000", "grossProfit": "6848194", "ebit": "-11721147", "netIncome": "-13122249", "researchAndDevelopment": "18502063", "effectOfAccountingCharges": "0", "incomeBeforeTax": "-13122249", "minorityInterest": "0", "sellingGeneralAdministrative": "-586098", "otherNonOperatingIncome": "-653376", "operatingIncome": "-11067771", "otherOperatingExpense": "0", "interestExpense": "1401102", "taxProvision": "None", "interestIncome": "None", "netInterestIncome": "None", "extraordinaryItems": "0", "nonRecurring": "0", "otherItems": "0", "incomeTaxExpense": "0", "totalOtherIncomeExpense": "12699205", "discontinuedOperations": "0", "netIncomeFromContinuingOperations": "-13122249", "netIncomeApplicableToCommonShares": "-13173029", "preferredStockAndOtherAdjustments": "50780"}, {"fiscalDateEnding": "2015-06-30", "reportedCurrency": "USD", "totalRevenue": "6376699", "totalOperatingExpense": "39571749", "costOfRevenue": "19149000", "grossProfit": "6376699", "ebit": "-39844868", "netIncome": "-40410387", "researchAndDevelopment": "24773110", "effectOfAccountingCharges": "0", "incomeBeforeTax": "-40410387", "minorityInterest": "0", "sellingGeneralAdministrative": "14798639", "otherNonOperatingIncome": "-6649818", "operatingIncome": "-33195050", "otherOperatingExpense": "0", "interestExpense": "565519", "taxProvision": "None", "interestIncome": "None", "netInterestIncome": "None", "extraordinaryItems": "0", "nonRecurring": "0", "otherItems": "0", "incomeTaxExpense": "0", "totalOtherIncomeExpense": "-6596873", "discontinuedOperations": "0", "netIncomeFromContinuingOperations": "-40410387", "netIncomeApplicableToCommonShares": "-40461087", "preferredStockAndOtherAdjustments": "50700"}]}