{"symbol": "AGI", "annualReports": [{"fiscalDateEnding": "2019-12-31", "reportedCurrency": "USD", "totalRevenue": "683100000", "totalOperatingExpense": "557100000", "costOfRevenue": "521400000", "grossProfit": "161700000", "ebit": "296400000", "netIncome": "96100000", "researchAndDevelopment": "None", "effectOfAccountingCharges": "None", "incomeBeforeTax": "128900000", "minorityInterest": "None", "sellingGeneralAdministrative": "29000000", "otherNonOperatingIncome": "None", "operatingIncome": "126000000", "otherOperatingExpense": "1000000", "interestExpense": "2500000", "taxProvision": "32800000", "interestIncome": "-2800000", "netInterestIncome": "-2500000", "extraordinaryItems": "None", "nonRecurring": "None", "otherItems": "None", "incomeTaxExpense": "32800000", "totalOtherIncomeExpense": "5400000", "discontinuedOperations": "None", "netIncomeFromContinuingOperations": "96100000", "netIncomeApplicableToCommonShares": "96100000", "preferredStockAndOtherAdjustments": "None"}, {"fiscalDateEnding": "2018-12-31", "reportedCurrency": "USD", "totalRevenue": "651800000", "totalOperatingExpense": "674400000", "costOfRevenue": "639400000", "grossProfit": "12400000", "ebit": "131200000", "netIncome": "-72600000", "researchAndDevelopment": "None", "effectOfAccountingCharges": "None", "incomeBeforeTax": "-38400000", "minorityInterest": "None", "sellingGeneralAdministrative": "24000000", "otherNonOperatingIncome": "None", "operatingIncome": "-22600000", "otherOperatingExpense": "1200000", "interestExpense": "3000000", "taxProvision": "34200000", "interestIncome": "-7800000", "netInterestIncome": "-3000000", "extraordinaryItems": "None", "nonRecurring": "None", "otherItems": "None", "incomeTaxExpense": "34200000", "totalOtherIncomeExpense": "-12800000", "discontinuedOperations": "None", "netIncomeFromContinuingOperations": "-72600000", "netIncomeApplicableToCommonShares": "-72600000", "preferredStockAndOtherAdjustments": "None"}, {"fiscalDateEnding": "2017-12-31", "reportedCurrency": "USD", "totalRevenue": "542800000", "totalOperatingExpense": "488100000", "costOfRevenue": "456800000", "grossProfit": "86000000", "ebit": "156900000", "netIncome": "26600000", "researchAndDevelopment": "None", "effectOfAccountingCharges": "None", "incomeBeforeTax": "22200000", "minorityInterest": "None", "sellingGeneralAdministrative": "23000000", "otherNonOperatingIncome": "None", "operatingIncome": "54700000", "otherOperatingExpense": "1000000", "interestExpense": "9100000", "taxProvision": "-4400000", "interestIncome": "2500000", "netInterestIncome": "-6600000", "extraordinaryItems": "None", "nonRecurring": "8300000", "otherItems": "None", "incomeTaxExpense": "-4400000", "totalOtherIncomeExpense": "-25900000", "discontinuedOperations": "None", "netIncomeFromContinuingOperations": "26600000", "netIncomeApplicableToCommonShares": "26600000", "preferredStockAndOtherAdjustments": "None"}, {"fiscalDateEnding": "2016-12-31", "reportedCurrency": "USD", "totalRevenue": "482200000", "totalOperatingExpense": "460900000", "costOfRevenue": "429300000", "grossProfit": "52900000", "ebit": "135400000", "netIncome": "-17900000", "researchAndDevelopment": "None", "effectOfAccountingCharges": "None", "incomeBeforeTax": "-7600000", "minorityInterest": "None", "sellingGeneralAdministrative": "26500000", "otherNonOperatingIncome": "None", "operatingIncome": "21300000", "otherOperatingExpense": "900000", "interestExpense": "24000000", "taxProvision": "10300000", "interestIncome": "2100000", "netInterestIncome": "-21900000", "extraordinaryItems": "None", "nonRecurring": "5100000", "otherItems": "None", "incomeTaxExpense": "10300000", "totalOtherIncomeExpense": "-7000000", "discontinuedOperations": "None", "netIncomeFromContinuingOperations": "-17900000", "netIncomeApplicableToCommonShares": "-17900000", "preferredStockAndOtherAdjustments": "None"}, {"fiscalDateEnding": "2015-12-31", "reportedCurrency": "USD", "totalRevenue": "355100000", "totalOperatingExpense": "505000000", "costOfRevenue": "266500000", "grossProfit": "88600000", "ebit": "-149900000", "netIncome": "-508900000", "researchAndDevelopment": "None", "effectOfAccountingCharges": "None", "incomeBeforeTax": "-558700000", "minorityInterest": "None", "sellingGeneralAdministrative": "24900000", "otherNonOperatingIncome": "None", "operatingIncome": "-512600000", "otherOperatingExpense": "500000", "interestExpense": "-24200000", "taxProvision": "-49800000", "interestIncome": "-34900000", "netInterestIncome": "None", "extraordinaryItems": "None", "nonRecurring": "398700000", "otherItems": "None", "incomeTaxExpense": "-49800000", "totalOtherIncomeExpense": "-408800000", "discontinuedOperations": "None", "netIncomeFromContinuingOperations": "-508900000", "netIncomeApplicableToCommonShares": "-508900000", "preferredStockAndOtherAdjustments": "None"}], "quarterlyReports": [{"fiscalDateEnding": "2020-06-30", "reportedCurrency": "USD", "totalRevenue": "126200000", "totalOperatingExpense": "114100000", "costOfRevenue": "103300000", "grossProfit": "22900000", "ebit": "35500000", "netIncome": "11700000", "researchAndDevelopment": "None", "effectOfAccountingCharges": "None", "incomeBeforeTax": "6000000", "minorityInterest": "None", "sellingGeneralAdministrative": "9700000", "otherNonOperatingIncome": "None", "operatingIncome": "12100000", "otherOperatingExpense": "300000", "interestExpense": "1200000", "taxProvision": "-5700000", "interestIncome": "None", "netInterestIncome": "-1200000", "extraordinaryItems": "None", "nonRecurring": "None", "otherItems": "None", "incomeTaxExpense": "-5700000", "totalOtherIncomeExpense": "-4900000", "discontinuedOperations": "None", "netIncomeFromContinuingOperations": "11700000", "netIncomeApplicableToCommonShares": "11700000", "preferredStockAndOtherAdjustments": "None"}, {"fiscalDateEnding": "2020-03-31", "reportedCurrency": "USD", "totalRevenue": "176900000", "totalOperatingExpense": "130700000", "costOfRevenue": "120300000", "grossProfit": "56600000", "ebit": "76700000", "netIncome": "-12300000", "researchAndDevelopment": "None", "effectOfAccountingCharges": "None", "incomeBeforeTax": "40500000", "minorityInterest": "None", "sellingGeneralAdministrative": "8400000", "otherNonOperatingIncome": "None", "operatingIncome": "46200000", "otherOperatingExpense": "300000", "interestExpense": "800000", "taxProvision": "52800000", "interestIncome": "-6000000", "netInterestIncome": "-800000", "extraordinaryItems": "None", "nonRecurring": "None", "otherItems": "None", "incomeTaxExpense": "52800000", "totalOtherIncomeExpense": "-4900000", "discontinuedOperations": "None", "netIncomeFromContinuingOperations": "-12300000", "netIncomeApplicableToCommonShares": "-12300000", "preferredStockAndOtherAdjustments": "None"}, {"fiscalDateEnding": "2019-12-31", "reportedCurrency": "USD", "totalRevenue": "186000000", "totalOperatingExpense": "144400000", "costOfRevenue": "136000000", "grossProfit": "50000000", "ebit": "88400000", "netIncome": "38000000", "researchAndDevelopment": "None", "effectOfAccountingCharges": "None", "incomeBeforeTax": "43800000", "minorityInterest": "None", "sellingGeneralAdministrative": "6700000", "otherNonOperatingIncome": "None", "operatingIncome": "41600000", "otherOperatingExpense": "200000", "interestExpense": "400000", "taxProvision": "5800000", "interestIncome": "2700000", "netInterestIncome": "-400000", "extraordinaryItems": "None", "nonRecurring": "None", "otherItems": "None", "incomeTaxExpense": "5800000", "totalOtherIncomeExpense": "2600000", "discontinuedOperations": "None", "netIncomeFromContinuingOperations": "38000000", "netIncomeApplicableToCommonShares": "38000000", "preferredStockAndOtherAdjustments": "None"}, {"fiscalDateEnding": "2019-09-30", "reportedCurrency": "USD", "totalRevenue": "172900000", "totalOperatingExpense": "135400000", "costOfRevenue": "127300000", "grossProfit": "45600000", "ebit": "78400000", "netIncome": "17700000", "researchAndDevelopment": "None", "effectOfAccountingCharges": "None", "incomeBeforeTax": "37400000", "minorityInterest": "None", "sellingGeneralAdministrative": "6200000", "otherNonOperatingIncome": "None", "operatingIncome": "37500000", "otherOperatingExpense": "300000", "interestExpense": "900000", "taxProvision": "19700000", "interestIncome": "-1200000", "netInterestIncome": "-900000", "extraordinaryItems": "None", "nonRecurring": "None", "otherItems": "None", "incomeTaxExpense": "19700000", "totalOtherIncomeExpense": "800000", "discontinuedOperations": "None", "netIncomeFromContinuingOperations": "17700000", "netIncomeApplicableToCommonShares": "17700000", "preferredStockAndOtherAdjustments": "None"}, {"fiscalDateEnding": "2019-06-30", "reportedCurrency": "USD", "totalRevenue": "168100000", "totalOperatingExpense": "139900000", "costOfRevenue": "131100000", "grossProfit": "37000000", "ebit": "69100000", "netIncome": "23600000", "researchAndDevelopment": "None", "effectOfAccountingCharges": "None", "incomeBeforeTax": "27100000", "minorityInterest": "None", "sellingGeneralAdministrative": "7300000", "otherNonOperatingIncome": "None", "operatingIncome": "28200000", "otherOperatingExpense": "300000", "interestExpense": "700000", "taxProvision": "3500000", "interestIncome": "-5000000", "netInterestIncome": "-700000", "extraordinaryItems": "None", "nonRecurring": "None", "otherItems": "None", "incomeTaxExpense": "3500000", "totalOtherIncomeExpense": "-400000", "discontinuedOperations": "None", "netIncomeFromContinuingOperations": "23600000", "netIncomeApplicableToCommonShares": "23600000", "preferredStockAndOtherAdjustments": "None"}, {"fiscalDateEnding": "2019-03-31", "reportedCurrency": "USD", "totalRevenue": "156100000", "totalOperatingExpense": "137400000", "costOfRevenue": "87600000", "grossProfit": "68500000", "ebit": "60500000", "netIncome": "16800000", "researchAndDevelopment": "None", "effectOfAccountingCharges": "None", "incomeBeforeTax": "20600000", "minorityInterest": "None", "sellingGeneralAdministrative": "8800000", "otherNonOperatingIncome": "None", "operatingIncome": "18700000", "otherOperatingExpense": "200000", "interestExpense": "500000", "taxProvision": "3800000", "interestIncome": "700000", "netInterestIncome": "-500000", "extraordinaryItems": "None", "nonRecurring": "None", "otherItems": "None", "incomeTaxExpense": "3800000", "totalOtherIncomeExpense": "2400000", "discontinuedOperations": "None", "netIncomeFromContinuingOperations": "16800000", "netIncomeApplicableToCommonShares": "16800000", "preferredStockAndOtherAdjustments": "None"}, {"fiscalDateEnding": "2018-12-31", "reportedCurrency": "USD", "totalRevenue": "163100000", "totalOperatingExpense": "150400000", "costOfRevenue": "100700000", "grossProfit": "62400000", "ebit": "12700000", "netIncome": "-71500000", "researchAndDevelopment": "0", "effectOfAccountingCharges": "0", "incomeBeforeTax": "-63300000", "minorityInterest": "0", "sellingGeneralAdministrative": "3500000", "otherNonOperatingIncome": "None", "operatingIncome": "12700000", "otherOperatingExpense": "300000", "interestExpense": "-200000", "taxProvision": "None", "interestIncome": "None", "netInterestIncome": "None", "extraordinaryItems": "0", "nonRecurring": "0", "otherItems": "0", "incomeTaxExpense": "8200000", "totalOtherIncomeExpense": "-76000000", "discontinuedOperations": "0", "netIncomeFromContinuingOperations": "-71500000", "netIncomeApplicableToCommonShares": "-71500000", "preferredStockAndOtherAdjustments": "None"}, {"fiscalDateEnding": "2018-09-30", "reportedCurrency": "USD", "totalRevenue": "146700000", "totalOperatingExpense": "146100000", "costOfRevenue": "97300000", "grossProfit": "49400000", "ebit": "600000", "netIncome": "7200000", "researchAndDevelopment": "0", "effectOfAccountingCharges": "0", "incomeBeforeTax": "700000", "minorityInterest": "0", "sellingGeneralAdministrative": "4900000", "otherNonOperatingIncome": "None", "operatingIncome": "600000", "otherOperatingExpense": "300000", "interestExpense": "-1000000", "taxProvision": "None", "interestIncome": "None", "netInterestIncome": "None", "extraordinaryItems": "0", "nonRecurring": "0", "otherItems": "0", "incomeTaxExpense": "-6500000", "totalOtherIncomeExpense": "100000", "discontinuedOperations": "0", "netIncomeFromContinuingOperations": "7200000", "netIncomeApplicableToCommonShares": "7200000", "preferredStockAndOtherAdjustments": "None"}, {"fiscalDateEnding": "2018-06-30", "reportedCurrency": "USD", "totalRevenue": "168900000", "totalOperatingExpense": "159300000", "costOfRevenue": "107300000", "grossProfit": "61600000", "ebit": "9600000", "netIncome": "-8900000", "researchAndDevelopment": "0", "effectOfAccountingCharges": "0", "incomeBeforeTax": "8600000", "minorityInterest": "0", "sellingGeneralAdministrative": "4600000", "otherNonOperatingIncome": "None", "operatingIncome": "9600000", "otherOperatingExpense": "300000", "interestExpense": "-900000", "taxProvision": "None", "interestIncome": "None", "netInterestIncome": "None", "extraordinaryItems": "0", "nonRecurring": "0", "otherItems": "0", "incomeTaxExpense": "17500000", "totalOtherIncomeExpense": "-1000000", "discontinuedOperations": "0", "netIncomeFromContinuingOperations": "-8900000", "netIncomeApplicableToCommonShares": "-8900000", "preferredStockAndOtherAdjustments": "None"}, {"fiscalDateEnding": "2018-03-31", "reportedCurrency": "USD", "totalRevenue": "173100000", "totalOperatingExpense": "154600000", "costOfRevenue": "102300000", "grossProfit": "70800000", "ebit": "18500000", "netIncome": "600000", "researchAndDevelopment": "0", "effectOfAccountingCharges": "0", "incomeBeforeTax": "15600000", "minorityInterest": "0", "sellingGeneralAdministrative": "4400000", "otherNonOperatingIncome": "None", "operatingIncome": "18500000", "otherOperatingExpense": "300000", "interestExpense": "-900000", "taxProvision": "None", "interestIncome": "None", "netInterestIncome": "None", "extraordinaryItems": "0", "nonRecurring": "0", "otherItems": "0", "incomeTaxExpense": "15000000", "totalOtherIncomeExpense": "-2900000", "discontinuedOperations": "0", "netIncomeFromContinuingOperations": "600000", "netIncomeApplicableToCommonShares": "600000", "preferredStockAndOtherAdjustments": "None"}, {"fiscalDateEnding": "2017-12-31", "reportedCurrency": "USD", "totalRevenue": "161700000", "totalOperatingExpense": "369000000", "costOfRevenue": "89600000", "grossProfit": "187500000", "ebit": "75900000", "netIncome": "-2200000", "researchAndDevelopment": "0", "effectOfAccountingCharges": "0", "incomeBeforeTax": "5600000", "minorityInterest": "0", "sellingGeneralAdministrative": "8000000", "otherNonOperatingIncome": "None", "operatingIncome": "23000000", "otherOperatingExpense": "1100000", "interestExpense": "1400000", "taxProvision": "None", "interestIncome": "None", "netInterestIncome": "None", "extraordinaryItems": "0", "nonRecurring": "8300000", "otherItems": "0", "incomeTaxExpense": "10300000", "totalOtherIncomeExpense": "-103700000", "discontinuedOperations": "0", "netIncomeFromContinuingOperations": "4700000", "netIncomeApplicableToCommonShares": "-2200000", "preferredStockAndOtherAdjustments": "None"}, {"fiscalDateEnding": "2017-09-30", "reportedCurrency": "USD", "totalRevenue": "128800000", "totalOperatingExpense": "358700000", "costOfRevenue": "72400000", "grossProfit": "93600000", "ebit": "-29100000", "netIncome": "28800000", "researchAndDevelopment": "0", "effectOfAccountingCharges": "0", "incomeBeforeTax": "22100000", "minorityInterest": "0", "sellingGeneralAdministrative": "7300000", "otherNonOperatingIncome": "None", "operatingIncome": "20900000", "otherOperatingExpense": "200000", "interestExpense": "1100000", "taxProvision": "None", "interestIncome": "None", "netInterestIncome": "None", "extraordinaryItems": "0", "nonRecurring": "0", "otherItems": "0", "incomeTaxExpense": "43300000", "totalOtherIncomeExpense": "92200000", "discontinuedOperations": "0", "netIncomeFromContinuingOperations": "19800000", "netIncomeApplicableToCommonShares": "28800000", "preferredStockAndOtherAdjustments": "None"}, {"fiscalDateEnding": "2017-06-30", "reportedCurrency": "USD", "totalRevenue": "131300000", "totalOperatingExpense": "-359700000", "costOfRevenue": "81600000", "grossProfit": "-108000000", "ebit": "7000000", "netIncome": "2400000", "researchAndDevelopment": "0", "effectOfAccountingCharges": "0", "incomeBeforeTax": "-15000000", "minorityInterest": "0", "sellingGeneralAdministrative": "6000000", "otherNonOperatingIncome": "None", "operatingIncome": "15800000", "otherOperatingExpense": "-500000", "interestExpense": "1000000", "taxProvision": "None", "interestIncome": "None", "netInterestIncome": "None", "extraordinaryItems": "0", "nonRecurring": "0", "otherItems": "0", "incomeTaxExpense": "-17000000", "totalOtherIncomeExpense": "-22000000", "discontinuedOperations": "0", "netIncomeFromContinuingOperations": "2000000", "netIncomeApplicableToCommonShares": "2400000", "preferredStockAndOtherAdjustments": "None"}, {"fiscalDateEnding": "2017-03-31", "reportedCurrency": "USD", "totalRevenue": "121000000", "totalOperatingExpense": "118800000", "costOfRevenue": "81700000", "grossProfit": "39500000", "ebit": "2200000", "netIncome": "100000", "researchAndDevelopment": "0", "effectOfAccountingCharges": "0", "incomeBeforeTax": "1900000", "minorityInterest": "0", "sellingGeneralAdministrative": "8700000", "otherNonOperatingIncome": "None", "operatingIncome": "2200000", "otherOperatingExpense": "200000", "interestExpense": "7600000", "taxProvision": "None", "interestIncome": "None", "netInterestIncome": "None", "extraordinaryItems": "0", "nonRecurring": "0", "otherItems": "0", "incomeTaxExpense": "1800000", "totalOtherIncomeExpense": "-300000", "discontinuedOperations": "0", "netIncomeFromContinuingOperations": "100000", "netIncomeApplicableToCommonShares": "100000", "preferredStockAndOtherAdjustments": "None"}, {"fiscalDateEnding": "2016-12-31", "reportedCurrency": "USD", "totalRevenue": "132200000", "totalOperatingExpense": "460900000", "costOfRevenue": "90500000", "grossProfit": "172800000", "ebit": "21300000", "netIncome": "-22700000", "researchAndDevelopment": "0", "effectOfAccountingCharges": "0", "incomeBeforeTax": "-25300000", "minorityInterest": "0", "sellingGeneralAdministrative": "7100000", "otherNonOperatingIncome": "None", "operatingIncome": "3500000", "otherOperatingExpense": "900000", "interestExpense": "7700000", "taxProvision": "None", "interestIncome": "None", "netInterestIncome": "None", "extraordinaryItems": "0", "nonRecurring": "5100000", "otherItems": "0", "incomeTaxExpense": "12400000", "totalOtherIncomeExpense": "-28900000", "discontinuedOperations": "0", "netIncomeFromContinuingOperations": "-17900000", "netIncomeApplicableToCommonShares": "-22700000", "preferredStockAndOtherAdjustments": "None"}, {"fiscalDateEnding": "2016-09-30", "reportedCurrency": "USD", "totalRevenue": "125600000", "totalOperatingExpense": "0", "costOfRevenue": "74400000", "grossProfit": "0", "ebit": "0", "netIncome": "4800000", "researchAndDevelopment": "0", "effectOfAccountingCharges": "0", "incomeBeforeTax": "17700000", "minorityInterest": "0", "sellingGeneralAdministrative": "6200000", "otherNonOperatingIncome": "None", "operatingIncome": "17200000", "otherOperatingExpense": "0", "interestExpense": "7600000", "taxProvision": "None", "interestIncome": "None", "netInterestIncome": "None", "extraordinaryItems": "0", "nonRecurring": "0", "otherItems": "0", "incomeTaxExpense": "12900000", "totalOtherIncomeExpense": "0", "discontinuedOperations": "0", "netIncomeFromContinuingOperations": "0", "netIncomeApplicableToCommonShares": "4800000", "preferredStockAndOtherAdjustments": "None"}, {"fiscalDateEnding": "2016-06-30", "reportedCurrency": "USD", "totalRevenue": "120100000", "totalOperatingExpense": "0", "costOfRevenue": "74300000", "grossProfit": "0", "ebit": "0", "netIncome": "-9700000", "researchAndDevelopment": "0", "effectOfAccountingCharges": "0", "incomeBeforeTax": "0", "minorityInterest": "0", "sellingGeneralAdministrative": "11200000", "otherNonOperatingIncome": "None", "operatingIncome": "2900000", "otherOperatingExpense": "0", "interestExpense": "7500000", "taxProvision": "None", "interestIncome": "None", "netInterestIncome": "None", "extraordinaryItems": "0", "nonRecurring": "0", "otherItems": "0", "incomeTaxExpense": "3200000", "totalOtherIncomeExpense": "0", "discontinuedOperations": "0", "netIncomeFromContinuingOperations": "0", "netIncomeApplicableToCommonShares": "-9700000", "preferredStockAndOtherAdjustments": "None"}, {"fiscalDateEnding": "2016-03-31", "reportedCurrency": "USD", "totalRevenue": "104300000", "totalOperatingExpense": "0", "costOfRevenue": "71100000", "grossProfit": "0", "ebit": "0", "netIncome": "9700000", "researchAndDevelopment": "0", "effectOfAccountingCharges": "0", "incomeBeforeTax": "0", "minorityInterest": "0", "sellingGeneralAdministrative": "7100000", "otherNonOperatingIncome": "None", "operatingIncome": "0", "otherOperatingExpense": "0", "interestExpense": "7800000", "taxProvision": "None", "interestIncome": "None", "netInterestIncome": "None", "extraordinaryItems": "0", "nonRecurring": "0", "otherItems": "0", "incomeTaxExpense": "0", "totalOtherIncomeExpense": "0", "discontinuedOperations": "0", "netIncomeFromContinuingOperations": "0", "netIncomeApplicableToCommonShares": "9700000", "preferredStockAndOtherAdjustments": "None"}, {"fiscalDateEnding": "2015-12-31", "reportedCurrency": "USD", "totalRevenue": "115700000", "totalOperatingExpense": "505000000", "costOfRevenue": "102400000", "grossProfit": "118500000", "ebit": "-149900000", "netIncome": "-508900000", "researchAndDevelopment": "0", "effectOfAccountingCharges": "0", "incomeBeforeTax": "-558700000", "minorityInterest": "0", "sellingGeneralAdministrative": "13700000", "otherNonOperatingIncome": "None", "operatingIncome": "-149900000", "otherOperatingExpense": "500000", "interestExpense": "6800000", "taxProvision": "None", "interestIncome": "None", "netInterestIncome": "None", "extraordinaryItems": "0", "nonRecurring": "398700000", "otherItems": "0", "incomeTaxExpense": "-49800000", "totalOtherIncomeExpense": "-408800000", "discontinuedOperations": "0", "netIncomeFromContinuingOperations": "-508900000", "netIncomeApplicableToCommonShares": "-508900000", "preferredStockAndOtherAdjustments": "None"}, {"fiscalDateEnding": "2015-09-30", "reportedCurrency": "USD", "totalRevenue": "103600000", "totalOperatingExpense": "0", "costOfRevenue": "80800000", "grossProfit": "0", "ebit": "0", "netIncome": "0", "researchAndDevelopment": "0", "effectOfAccountingCharges": "0", "incomeBeforeTax": "0", "minorityInterest": "0", "sellingGeneralAdministrative": "10000000", "otherNonOperatingIncome": "None", "operatingIncome": "0", "otherOperatingExpense": "0", "interestExpense": "6100000", "taxProvision": "None", "interestIncome": "None", "netInterestIncome": "None", "extraordinaryItems": "0", "nonRecurring": "0", "otherItems": "0", "incomeTaxExpense": "0", "totalOtherIncomeExpense": "0", "discontinuedOperations": "0", "netIncomeFromContinuingOperations": "0", "netIncomeApplicableToCommonShares": "0", "preferredStockAndOtherAdjustments": "None"}, {"fiscalDateEnding": "2015-06-30", "reportedCurrency": "USD", "totalRevenue": "71200000", "totalOperatingExpense": "0", "costOfRevenue": "135900000", "grossProfit": "0", "ebit": "0", "netIncome": "0", "researchAndDevelopment": "0", "effectOfAccountingCharges": "0", "incomeBeforeTax": "0", "minorityInterest": "0", "sellingGeneralAdministrative": "5444000", "otherNonOperatingIncome": "None", "operatingIncome": "0", "otherOperatingExpense": "0", "interestExpense": "5484000", "taxProvision": "None", "interestIncome": "None", "netInterestIncome": "None", "extraordinaryItems": "0", "nonRecurring": "0", "otherItems": "0", "incomeTaxExpense": "-28733000", "totalOtherIncomeExpense": "0", "discontinuedOperations": "0", "netIncomeFromContinuingOperations": "0", "netIncomeApplicableToCommonShares": "0", "preferredStockAndOtherAdjustments": "None"}]}