{"symbol": "AGLE", "annualReports": [{"fiscalDateEnding": "2019-12-31", "reportedCurrency": "USD", "totalRevenue": "0", "totalOperatingExpense": "80334000", "costOfRevenue": "64600000", "grossProfit": "-64600000", "ebit": "-79916000", "netIncome": "-78254000", "researchAndDevelopment": "64600000", "effectOfAccountingCharges": "None", "incomeBeforeTax": "-78254000", "minorityInterest": "None", "sellingGeneralAdministrative": "15734000", "otherNonOperatingIncome": "None", "operatingIncome": "-80334000", "otherOperatingExpense": "None", "interestExpense": "None", "taxProvision": "None", "interestIncome": "2143000", "netInterestIncome": "2143000", "extraordinaryItems": "None", "nonRecurring": "None", "otherItems": "None", "incomeTaxExpense": "None", "totalOtherIncomeExpense": "-63000", "discontinuedOperations": "None", "netIncomeFromContinuingOperations": "-78254000", "netIncomeApplicableToCommonShares": "-78254000", "preferredStockAndOtherAdjustments": "None"}, {"fiscalDateEnding": "2018-12-31", "reportedCurrency": "USD", "totalRevenue": "3888000", "totalOperatingExpense": "49351000", "costOfRevenue": "36719000", "grossProfit": "-32831000", "ebit": "-45170000", "netIncome": "-44348000", "researchAndDevelopment": "36719000", "effectOfAccountingCharges": "None", "incomeBeforeTax": "-44348000", "minorityInterest": "None", "sellingGeneralAdministrative": "12632000", "otherNonOperatingIncome": "None", "operatingIncome": "-45463000", "otherOperatingExpense": "None", "interestExpense": "0", "taxProvision": "None", "interestIncome": "1172000", "netInterestIncome": "1172000", "extraordinaryItems": "None", "nonRecurring": "None", "otherItems": "None", "incomeTaxExpense": "0", "totalOtherIncomeExpense": "-57000", "discontinuedOperations": "None", "netIncomeFromContinuingOperations": "-44348000", "netIncomeApplicableToCommonShares": "-44348000", "preferredStockAndOtherAdjustments": "None"}, {"fiscalDateEnding": "2017-12-31", "reportedCurrency": "USD", "totalRevenue": "5205000", "totalOperatingExpense": "32881000", "costOfRevenue": "22815000", "grossProfit": "-17610000", "ebit": "-27427000", "netIncome": "-27236000", "researchAndDevelopment": "22815000", "effectOfAccountingCharges": "None", "incomeBeforeTax": "-27236000", "minorityInterest": "None", "sellingGeneralAdministrative": "10066000", "otherNonOperatingIncome": "None", "operatingIncome": "-27676000", "otherOperatingExpense": "None", "interestExpense": "0", "taxProvision": "None", "interestIncome": "482000", "netInterestIncome": "482000", "extraordinaryItems": "None", "nonRecurring": "None", "otherItems": "None", "incomeTaxExpense": "0", "totalOtherIncomeExpense": "-42000", "discontinuedOperations": "None", "netIncomeFromContinuingOperations": "-27236000", "netIncomeApplicableToCommonShares": "-27236000", "preferredStockAndOtherAdjustments": "None"}, {"fiscalDateEnding": "2016-12-31", "reportedCurrency": "USD", "totalRevenue": "4628000", "totalOperatingExpense": "26534000", "costOfRevenue": "18143000", "grossProfit": "-13515000", "ebit": "-21774000", "netIncome": "-21698000", "researchAndDevelopment": "18143000", "effectOfAccountingCharges": "None", "incomeBeforeTax": "-21698000", "minorityInterest": "None", "sellingGeneralAdministrative": "8391000", "otherNonOperatingIncome": "None", "operatingIncome": "-21906000", "otherOperatingExpense": "None", "interestExpense": "0", "taxProvision": "None", "interestIncome": "244000", "netInterestIncome": "244000", "extraordinaryItems": "None", "nonRecurring": "None", "otherItems": "None", "incomeTaxExpense": "0", "totalOtherIncomeExpense": "-36000", "discontinuedOperations": "None", "netIncomeFromContinuingOperations": "-21698000", "netIncomeApplicableToCommonShares": "-21698000", "preferredStockAndOtherAdjustments": "None"}, {"fiscalDateEnding": "2015-12-31", "reportedCurrency": "USD", "totalRevenue": "6085000", "totalOperatingExpense": "17400000", "costOfRevenue": "11453000", "grossProfit": "-5368000", "ebit": "-11315000", "netIncome": "-11295000", "researchAndDevelopment": "36719000", "effectOfAccountingCharges": "None", "incomeBeforeTax": "-11295000", "minorityInterest": "None", "sellingGeneralAdministrative": "5947000", "otherNonOperatingIncome": "None", "operatingIncome": "-11315000", "otherOperatingExpense": "None", "interestExpense": "None", "taxProvision": "None", "interestIncome": "22000", "netInterestIncome": "None", "extraordinaryItems": "None", "nonRecurring": "None", "otherItems": "None", "incomeTaxExpense": "0", "totalOtherIncomeExpense": "20000", "discontinuedOperations": "None", "netIncomeFromContinuingOperations": "-11295000", "netIncomeApplicableToCommonShares": "-11523000", "preferredStockAndOtherAdjustments": "None"}], "quarterlyReports": [{"fiscalDateEnding": "2020-06-30", "reportedCurrency": "USD", "totalRevenue": "0", "totalOperatingExpense": "21560000", "costOfRevenue": "None", "grossProfit": "None", "ebit": "-21338000", "netIncome": "-21418000", "researchAndDevelopment": "16869000", "effectOfAccountingCharges": "None", "incomeBeforeTax": "-21418000", "minorityInterest": "None", "sellingGeneralAdministrative": "4691000", "otherNonOperatingIncome": "None", "operatingIncome": "-21560000", "otherOperatingExpense": "None", "interestExpense": "None", "taxProvision": "None", "interestIncome": "161000", "netInterestIncome": "161000", "extraordinaryItems": "None", "nonRecurring": "None", "otherItems": "None", "incomeTaxExpense": "None", "totalOtherIncomeExpense": "-19000", "discontinuedOperations": "None", "netIncomeFromContinuingOperations": "-21418000", "netIncomeApplicableToCommonShares": "-21418000", "preferredStockAndOtherAdjustments": "None"}, {"fiscalDateEnding": "2020-03-31", "reportedCurrency": "USD", "totalRevenue": "0", "totalOperatingExpense": "19022000", "costOfRevenue": "None", "grossProfit": "None", "ebit": "-18868000", "netIncome": "-18728000", "researchAndDevelopment": "14562000", "effectOfAccountingCharges": "None", "incomeBeforeTax": "-18728000", "minorityInterest": "None", "sellingGeneralAdministrative": "4460000", "otherNonOperatingIncome": "None", "operatingIncome": "-19022000", "otherOperatingExpense": "None", "interestExpense": "None", "taxProvision": "None", "interestIncome": "300000", "netInterestIncome": "300000", "extraordinaryItems": "None", "nonRecurring": "None", "otherItems": "None", "incomeTaxExpense": "None", "totalOtherIncomeExpense": "-6000", "discontinuedOperations": "None", "netIncomeFromContinuingOperations": "-18728000", "netIncomeApplicableToCommonShares": "-18728000", "preferredStockAndOtherAdjustments": "None"}, {"fiscalDateEnding": "2019-12-31", "reportedCurrency": "USD", "totalRevenue": "0", "totalOperatingExpense": "21909000", "costOfRevenue": "17566000", "grossProfit": "-17566000", "ebit": "-21803000", "netIncome": "-21495000", "researchAndDevelopment": "17566000", "effectOfAccountingCharges": "None", "incomeBeforeTax": "-21495000", "minorityInterest": "None", "sellingGeneralAdministrative": "4343000", "otherNonOperatingIncome": "None", "operatingIncome": "-21909000", "otherOperatingExpense": "None", "interestExpense": "None", "taxProvision": "None", "interestIncome": "432000", "netInterestIncome": "432000", "extraordinaryItems": "None", "nonRecurring": "None", "otherItems": "None", "incomeTaxExpense": "None", "totalOtherIncomeExpense": "-18000", "discontinuedOperations": "None", "netIncomeFromContinuingOperations": "-21495000", "netIncomeApplicableToCommonShares": "-21495000", "preferredStockAndOtherAdjustments": "None"}, {"fiscalDateEnding": "2019-09-30", "reportedCurrency": "USD", "totalRevenue": "0", "totalOperatingExpense": "22146000", "costOfRevenue": "17839000", "grossProfit": "-17839000", "ebit": "-22041000", "netIncome": "-21573000", "researchAndDevelopment": "17839000", "effectOfAccountingCharges": "None", "incomeBeforeTax": "-21573000", "minorityInterest": "None", "sellingGeneralAdministrative": "4307000", "otherNonOperatingIncome": "None", "operatingIncome": "-22146000", "otherOperatingExpense": "None", "interestExpense": "None", "taxProvision": "None", "interestIncome": "585000", "netInterestIncome": "585000", "extraordinaryItems": "None", "nonRecurring": "None", "otherItems": "None", "incomeTaxExpense": "None", "totalOtherIncomeExpense": "-12000", "discontinuedOperations": "None", "netIncomeFromContinuingOperations": "-21573000", "netIncomeApplicableToCommonShares": "-21573000", "preferredStockAndOtherAdjustments": "None"}, {"fiscalDateEnding": "2019-06-30", "reportedCurrency": "USD", "totalRevenue": "0", "totalOperatingExpense": "18622000", "costOfRevenue": "14806000", "grossProfit": "-14806000", "ebit": "-18515000", "netIncome": "-18019000", "researchAndDevelopment": "14806000", "effectOfAccountingCharges": "None", "incomeBeforeTax": "-18019000", "minorityInterest": "None", "sellingGeneralAdministrative": "3816000", "otherNonOperatingIncome": "None", "operatingIncome": "-18622000", "otherOperatingExpense": "None", "interestExpense": "None", "taxProvision": "None", "interestIncome": "619000", "netInterestIncome": "619000", "extraordinaryItems": "None", "nonRecurring": "None", "otherItems": "None", "incomeTaxExpense": "None", "totalOtherIncomeExpense": "-16000", "discontinuedOperations": "None", "netIncomeFromContinuingOperations": "-18019000", "netIncomeApplicableToCommonShares": "-18019000", "preferredStockAndOtherAdjustments": "None"}, {"fiscalDateEnding": "2019-03-31", "reportedCurrency": "USD", "totalRevenue": "0", "totalOperatingExpense": "17657000", "costOfRevenue": "14389000", "grossProfit": "-14389000", "ebit": "-17557000", "netIncome": "-17167000", "researchAndDevelopment": "14389000", "effectOfAccountingCharges": "None", "incomeBeforeTax": "-17167000", "minorityInterest": "None", "sellingGeneralAdministrative": "3268000", "otherNonOperatingIncome": "None", "operatingIncome": "-17657000", "otherOperatingExpense": "None", "interestExpense": "None", "taxProvision": "None", "interestIncome": "507000", "netInterestIncome": "507000", "extraordinaryItems": "None", "nonRecurring": "None", "otherItems": "None", "incomeTaxExpense": "None", "totalOtherIncomeExpense": "-17000", "discontinuedOperations": "None", "netIncomeFromContinuingOperations": "-17167000", "netIncomeApplicableToCommonShares": "-17167000", "preferredStockAndOtherAdjustments": "None"}, {"fiscalDateEnding": "2018-12-31", "reportedCurrency": "USD", "totalRevenue": "3888000", "totalOperatingExpense": "15305000", "costOfRevenue": "11798000", "grossProfit": "-11798000", "ebit": "-15305000", "netIncome": "-14898000", "researchAndDevelopment": "36719000", "effectOfAccountingCharges": "0", "incomeBeforeTax": "-14898000", "minorityInterest": "0", "sellingGeneralAdministrative": "3507000", "otherNonOperatingIncome": "None", "operatingIncome": "-15305000", "otherOperatingExpense": "0", "interestExpense": "0", "taxProvision": "None", "interestIncome": "None", "netInterestIncome": "None", "extraordinaryItems": "0", "nonRecurring": "0", "otherItems": "0", "incomeTaxExpense": "0", "totalOtherIncomeExpense": "407000", "discontinuedOperations": "0", "netIncomeFromContinuingOperations": "-14898000", "netIncomeApplicableToCommonShares": "-14898000", "preferredStockAndOtherAdjustments": "None"}, {"fiscalDateEnding": "2018-09-30", "reportedCurrency": "USD", "totalRevenue": "2378000", "totalOperatingExpense": "12243000", "costOfRevenue": "8929000", "grossProfit": "-8929000", "ebit": "-12243000", "netIncome": "-11917000", "researchAndDevelopment": "36719000", "effectOfAccountingCharges": "0", "incomeBeforeTax": "-11917000", "minorityInterest": "0", "sellingGeneralAdministrative": "3314000", "otherNonOperatingIncome": "None", "operatingIncome": "-12243000", "otherOperatingExpense": "0", "interestExpense": "0", "taxProvision": "None", "interestIncome": "None", "netInterestIncome": "None", "extraordinaryItems": "0", "nonRecurring": "0", "otherItems": "0", "incomeTaxExpense": "0", "totalOtherIncomeExpense": "326000", "discontinuedOperations": "0", "netIncomeFromContinuingOperations": "-11917000", "netIncomeApplicableToCommonShares": "-11917000", "preferredStockAndOtherAdjustments": "None"}, {"fiscalDateEnding": "2018-06-30", "reportedCurrency": "USD", "totalRevenue": "2378000", "totalOperatingExpense": "12048000", "costOfRevenue": "9122000", "grossProfit": "-6744000", "ebit": "-9670000", "netIncome": "-9414000", "researchAndDevelopment": "36719000", "effectOfAccountingCharges": "0", "incomeBeforeTax": "-9414000", "minorityInterest": "0", "sellingGeneralAdministrative": "2926000", "otherNonOperatingIncome": "None", "operatingIncome": "-9670000", "otherOperatingExpense": "0", "interestExpense": "0", "taxProvision": "None", "interestIncome": "None", "netInterestIncome": "None", "extraordinaryItems": "0", "nonRecurring": "0", "otherItems": "0", "incomeTaxExpense": "0", "totalOtherIncomeExpense": "256000", "discontinuedOperations": "0", "netIncomeFromContinuingOperations": "-9414000", "netIncomeApplicableToCommonShares": "-9414000", "preferredStockAndOtherAdjustments": "None"}, {"fiscalDateEnding": "2018-03-31", "reportedCurrency": "USD", "totalRevenue": "1510000", "totalOperatingExpense": "9755000", "costOfRevenue": "6870000", "grossProfit": "-5360000", "ebit": "-8245000", "netIncome": "-8119000", "researchAndDevelopment": "36719000", "effectOfAccountingCharges": "0", "incomeBeforeTax": "-8119000", "minorityInterest": "0", "sellingGeneralAdministrative": "2885000", "otherNonOperatingIncome": "None", "operatingIncome": "-8245000", "otherOperatingExpense": "0", "interestExpense": "0", "taxProvision": "None", "interestIncome": "None", "netInterestIncome": "None", "extraordinaryItems": "0", "nonRecurring": "0", "otherItems": "0", "incomeTaxExpense": "0", "totalOtherIncomeExpense": "126000", "discontinuedOperations": "0", "netIncomeFromContinuingOperations": "-8119000", "netIncomeApplicableToCommonShares": "-8119000", "preferredStockAndOtherAdjustments": "None"}, {"fiscalDateEnding": "2017-12-31", "reportedCurrency": "USD", "totalRevenue": "1482000", "totalOperatingExpense": "56418000", "costOfRevenue": "8042000", "grossProfit": "-17610000", "ebit": "-9076000", "netIncome": "-19362000", "researchAndDevelopment": "5791000", "effectOfAccountingCharges": "0", "incomeBeforeTax": "-27236000", "minorityInterest": "0", "sellingGeneralAdministrative": "10066000", "otherNonOperatingIncome": "None", "operatingIncome": "-19677000", "otherOperatingExpense": "0", "interestExpense": "0", "taxProvision": "None", "interestIncome": "None", "netInterestIncome": "None", "extraordinaryItems": "0", "nonRecurring": "0", "otherItems": "0", "incomeTaxExpense": "0", "totalOtherIncomeExpense": "315000", "discontinuedOperations": "0", "netIncomeFromContinuingOperations": "-8408000", "netIncomeApplicableToCommonShares": "-8408000", "preferredStockAndOtherAdjustments": "None"}, {"fiscalDateEnding": "2017-09-30", "reportedCurrency": "USD", "totalRevenue": "1261000", "totalOperatingExpense": "-31736000", "costOfRevenue": "9191000", "grossProfit": "0", "ebit": "-36868000", "netIncome": "-1242000", "researchAndDevelopment": "6240000", "effectOfAccountingCharges": "0", "incomeBeforeTax": "0", "minorityInterest": "0", "sellingGeneralAdministrative": "0", "otherNonOperatingIncome": "None", "operatingIncome": "-1279000", "otherOperatingExpense": "0", "interestExpense": "0", "taxProvision": "None", "interestIncome": "None", "netInterestIncome": "None", "extraordinaryItems": "0", "nonRecurring": "0", "otherItems": "0", "incomeTaxExpense": "0", "totalOtherIncomeExpense": "37000", "discontinuedOperations": "0", "netIncomeFromContinuingOperations": "-37184000", "netIncomeApplicableToCommonShares": "-37184000", "preferredStockAndOtherAdjustments": "None"}, {"fiscalDateEnding": "2017-06-30", "reportedCurrency": "USD", "totalRevenue": "1480000", "totalOperatingExpense": "8199000", "costOfRevenue": "8138000", "grossProfit": "0", "ebit": "24515000", "netIncome": "-385000", "researchAndDevelopment": "5835000", "effectOfAccountingCharges": "0", "incomeBeforeTax": "0", "minorityInterest": "0", "sellingGeneralAdministrative": "0", "otherNonOperatingIncome": "None", "operatingIncome": "-389000", "otherOperatingExpense": "0", "interestExpense": "0", "taxProvision": "None", "interestIncome": "None", "netInterestIncome": "None", "extraordinaryItems": "0", "nonRecurring": "0", "otherItems": "0", "incomeTaxExpense": "0", "totalOtherIncomeExpense": "4000", "discontinuedOperations": "0", "netIncomeFromContinuingOperations": "24603000", "netIncomeApplicableToCommonShares": "24603000", "preferredStockAndOtherAdjustments": "None"}, {"fiscalDateEnding": "2017-03-31", "reportedCurrency": "USD", "totalRevenue": "982000", "totalOperatingExpense": "0", "costOfRevenue": "7261000", "grossProfit": "0", "ebit": "-6247000", "netIncome": "-6247000", "researchAndDevelopment": "4949000", "effectOfAccountingCharges": "0", "incomeBeforeTax": "0", "minorityInterest": "0", "sellingGeneralAdministrative": "0", "otherNonOperatingIncome": "None", "operatingIncome": "-6331000", "otherOperatingExpense": "0", "interestExpense": "0", "taxProvision": "None", "interestIncome": "None", "netInterestIncome": "None", "extraordinaryItems": "0", "nonRecurring": "0", "otherItems": "0", "incomeTaxExpense": "0", "totalOtherIncomeExpense": "84000", "discontinuedOperations": "0", "netIncomeFromContinuingOperations": "-6247000", "netIncomeApplicableToCommonShares": "-6247000", "preferredStockAndOtherAdjustments": "None"}, {"fiscalDateEnding": "2016-12-31", "reportedCurrency": "USD", "totalRevenue": "1247000", "totalOperatingExpense": "26534000", "costOfRevenue": "6754000", "grossProfit": "-13515000", "ebit": "-21906000", "netIncome": "-15460000", "researchAndDevelopment": "4741000", "effectOfAccountingCharges": "0", "incomeBeforeTax": "-21698000", "minorityInterest": "0", "sellingGeneralAdministrative": "8391000", "otherNonOperatingIncome": "None", "operatingIncome": "-15605000", "otherOperatingExpense": "0", "interestExpense": "0", "taxProvision": "None", "interestIncome": "None", "netInterestIncome": "None", "extraordinaryItems": "0", "nonRecurring": "0", "otherItems": "0", "incomeTaxExpense": "0", "totalOtherIncomeExpense": "145000", "discontinuedOperations": "0", "netIncomeFromContinuingOperations": "-21698000", "netIncomeApplicableToCommonShares": "-21698000", "preferredStockAndOtherAdjustments": "None"}, {"fiscalDateEnding": "2016-09-30", "reportedCurrency": "USD", "totalRevenue": "1149000", "totalOperatingExpense": "0", "costOfRevenue": "7416000", "grossProfit": "0", "ebit": "0", "netIncome": "-808000", "researchAndDevelopment": "5385000", "effectOfAccountingCharges": "0", "incomeBeforeTax": "0", "minorityInterest": "0", "sellingGeneralAdministrative": "0", "otherNonOperatingIncome": "None", "operatingIncome": "-806000", "otherOperatingExpense": "0", "interestExpense": "0", "taxProvision": "None", "interestIncome": "None", "netInterestIncome": "None", "extraordinaryItems": "0", "nonRecurring": "0", "otherItems": "0", "incomeTaxExpense": "0", "totalOtherIncomeExpense": "-2000", "discontinuedOperations": "0", "netIncomeFromContinuingOperations": "0", "netIncomeApplicableToCommonShares": "0", "preferredStockAndOtherAdjustments": "None"}, {"fiscalDateEnding": "2016-06-30", "reportedCurrency": "USD", "totalRevenue": "1373000", "totalOperatingExpense": "0", "costOfRevenue": "6835000", "grossProfit": "0", "ebit": "0", "netIncome": "-883000", "researchAndDevelopment": "4421000", "effectOfAccountingCharges": "0", "incomeBeforeTax": "0", "minorityInterest": "0", "sellingGeneralAdministrative": "0", "otherNonOperatingIncome": "None", "operatingIncome": "-928000", "otherOperatingExpense": "0", "interestExpense": "0", "taxProvision": "None", "interestIncome": "None", "netInterestIncome": "None", "extraordinaryItems": "0", "nonRecurring": "0", "otherItems": "0", "incomeTaxExpense": "0", "totalOtherIncomeExpense": "45000", "discontinuedOperations": "0", "netIncomeFromContinuingOperations": "0", "netIncomeApplicableToCommonShares": "0", "preferredStockAndOtherAdjustments": "None"}, {"fiscalDateEnding": "2016-03-31", "reportedCurrency": "USD", "totalRevenue": "859000", "totalOperatingExpense": "0", "costOfRevenue": "5397000", "grossProfit": "0", "ebit": "0", "netIncome": "-4547000", "researchAndDevelopment": "3596000", "effectOfAccountingCharges": "0", "incomeBeforeTax": "0", "minorityInterest": "0", "sellingGeneralAdministrative": "0", "otherNonOperatingIncome": "None", "operatingIncome": "-4567000", "otherOperatingExpense": "0", "interestExpense": "0", "taxProvision": "None", "interestIncome": "None", "netInterestIncome": "None", "extraordinaryItems": "0", "nonRecurring": "0", "otherItems": "0", "incomeTaxExpense": "0", "totalOtherIncomeExpense": "20000", "discontinuedOperations": "0", "netIncomeFromContinuingOperations": "0", "netIncomeApplicableToCommonShares": "0", "preferredStockAndOtherAdjustments": "None"}, {"fiscalDateEnding": "2015-12-31", "reportedCurrency": "USD", "totalRevenue": "1585000", "totalOperatingExpense": "17400000", "costOfRevenue": "5553000", "grossProfit": "-5368000", "ebit": "-11315000", "netIncome": "-11295000", "researchAndDevelopment": "3966000", "effectOfAccountingCharges": "0", "incomeBeforeTax": "-11295000", "minorityInterest": "0", "sellingGeneralAdministrative": "5947000", "otherNonOperatingIncome": "None", "operatingIncome": "-11315000", "otherOperatingExpense": "0", "interestExpense": "0", "taxProvision": "None", "interestIncome": "None", "netInterestIncome": "None", "extraordinaryItems": "0", "nonRecurring": "0", "otherItems": "0", "incomeTaxExpense": "0", "totalOtherIncomeExpense": "20000", "discontinuedOperations": "0", "netIncomeFromContinuingOperations": "-11295000", "netIncomeApplicableToCommonShares": "-11523000", "preferredStockAndOtherAdjustments": "None"}, {"fiscalDateEnding": "2015-09-30", "reportedCurrency": "USD", "totalRevenue": "1073000", "totalOperatingExpense": "0", "costOfRevenue": "4465000", "grossProfit": "0", "ebit": "0", "netIncome": "0", "researchAndDevelopment": "3129000", "effectOfAccountingCharges": "0", "incomeBeforeTax": "0", "minorityInterest": "0", "sellingGeneralAdministrative": "0", "otherNonOperatingIncome": "None", "operatingIncome": "0", "otherOperatingExpense": "0", "interestExpense": "0", "taxProvision": "None", "interestIncome": "None", "netInterestIncome": "None", "extraordinaryItems": "0", "nonRecurring": "0", "otherItems": "0", "incomeTaxExpense": "0", "totalOtherIncomeExpense": "0", "discontinuedOperations": "0", "netIncomeFromContinuingOperations": "0", "netIncomeApplicableToCommonShares": "0", "preferredStockAndOtherAdjustments": "None"}, {"fiscalDateEnding": "2015-06-30", "reportedCurrency": "USD", "totalRevenue": "3427000", "totalOperatingExpense": "0", "costOfRevenue": "4841000", "grossProfit": "0", "ebit": "0", "netIncome": "0", "researchAndDevelopment": "2736000", "effectOfAccountingCharges": "0", "incomeBeforeTax": "0", "minorityInterest": "0", "sellingGeneralAdministrative": "0", "otherNonOperatingIncome": "None", "operatingIncome": "0", "otherOperatingExpense": "0", "interestExpense": "0", "taxProvision": "None", "interestIncome": "None", "netInterestIncome": "None", "extraordinaryItems": "0", "nonRecurring": "0", "otherItems": "0", "incomeTaxExpense": "0", "totalOtherIncomeExpense": "0", "discontinuedOperations": "0", "netIncomeFromContinuingOperations": "0", "netIncomeApplicableToCommonShares": "0", "preferredStockAndOtherAdjustments": "None"}]}