{"symbol": "AGMH", "annualReports": [{"fiscalDateEnding": "2019-12-31", "reportedCurrency": "USD", "totalRevenue": "709630", "totalOperatingExpense": "1935823", "costOfRevenue": "242944", "grossProfit": "466686", "ebit": "-1168562", "netIncome": "-1562855", "researchAndDevelopment": "127117", "effectOfAccountingCharges": "None", "incomeBeforeTax": "-1439854", "minorityInterest": "None", "sellingGeneralAdministrative": "1565762", "otherNonOperatingIncome": "None", "operatingIncome": "-1226193", "otherOperatingExpense": "None", "interestExpense": "None", "taxProvision": "123001", "interestIncome": "33680", "netInterestIncome": "None", "extraordinaryItems": "None", "nonRecurring": "None", "otherItems": "None", "incomeTaxExpense": "123001", "totalOtherIncomeExpense": "-213661", "discontinuedOperations": "None", "netIncomeFromContinuingOperations": "-1562855", "netIncomeApplicableToCommonShares": "-1562855", "preferredStockAndOtherAdjustments": "None"}, {"fiscalDateEnding": "2018-12-31", "reportedCurrency": "USD", "totalRevenue": "5112520", "totalOperatingExpense": "6558149", "costOfRevenue": "1653028", "grossProfit": "3459492", "ebit": "-1062949", "netIncome": "-8412731", "researchAndDevelopment": "1028249", "effectOfAccountingCharges": "0", "incomeBeforeTax": "-2381682", "minorityInterest": "0", "sellingGeneralAdministrative": "3876872", "otherNonOperatingIncome": "0", "operatingIncome": "-1445629", "otherOperatingExpense": "0", "interestExpense": "0", "taxProvision": "-595421", "interestIncome": "-35170", "netInterestIncome": "None", "extraordinaryItems": "-6626470", "nonRecurring": "0", "otherItems": "0", "incomeTaxExpense": "-595421", "totalOtherIncomeExpense": "-936053", "discontinuedOperations": "-6626470", "netIncomeFromContinuingOperations": "-1786261", "netIncomeApplicableToCommonShares": "-8412731", "preferredStockAndOtherAdjustments": "0"}, {"fiscalDateEnding": "2017-12-31", "reportedCurrency": "USD", "totalRevenue": "12541284", "totalOperatingExpense": "7466915", "costOfRevenue": "3539699", "grossProfit": "9001585", "ebit": "5320898", "netIncome": "3899891", "researchAndDevelopment": "398188", "effectOfAccountingCharges": "0", "incomeBeforeTax": "5200785", "minorityInterest": "0", "sellingGeneralAdministrative": "3529028", "otherNonOperatingIncome": "0", "operatingIncome": "5074369", "otherOperatingExpense": "0", "interestExpense": "0", "taxProvision": "1300894", "interestIncome": "None", "netInterestIncome": "None", "extraordinaryItems": "-519640", "nonRecurring": "0", "otherItems": "0", "incomeTaxExpense": "1300894", "totalOtherIncomeExpense": "126416", "discontinuedOperations": "-519642", "netIncomeFromContinuingOperations": "3899891", "netIncomeApplicableToCommonShares": "3899891", "preferredStockAndOtherAdjustments": "0"}, {"fiscalDateEnding": "2016-12-31", "reportedCurrency": "USD", "totalRevenue": "6882843", "totalOperatingExpense": "4432138", "costOfRevenue": "2300572", "grossProfit": "4582271", "ebit": "2476689", "netIncome": "2350148", "researchAndDevelopment": "289487", "effectOfAccountingCharges": "0", "incomeBeforeTax": "2448953", "minorityInterest": "0", "sellingGeneralAdministrative": "1842079", "otherNonOperatingIncome": "0", "operatingIncome": "2450705", "otherOperatingExpense": "0", "interestExpense": "0", "taxProvision": "783382", "interestIncome": "None", "netInterestIncome": "None", "extraordinaryItems": "684580", "nonRecurring": "0", "otherItems": "0", "incomeTaxExpense": "783382", "totalOtherIncomeExpense": "-1752", "discontinuedOperations": "684577", "netIncomeFromContinuingOperations": "1665571", "netIncomeApplicableToCommonShares": "2350148", "preferredStockAndOtherAdjustments": "0"}, {"fiscalDateEnding": "2015-12-31", "reportedCurrency": "USD", "totalRevenue": "0", "totalOperatingExpense": "225672", "costOfRevenue": "0", "grossProfit": "0", "ebit": "-225672", "netIncome": "-150620", "researchAndDevelopment": "166703", "effectOfAccountingCharges": "0", "incomeBeforeTax": "-150620", "minorityInterest": "0", "sellingGeneralAdministrative": "39310", "otherNonOperatingIncome": "0", "operatingIncome": "-150450", "otherOperatingExpense": "0", "interestExpense": "0", "taxProvision": "None", "interestIncome": "None", "netInterestIncome": "None", "extraordinaryItems": "0", "nonRecurring": "0", "otherItems": "0", "incomeTaxExpense": "0", "totalOtherIncomeExpense": "-258", "discontinuedOperations": "684577", "netIncomeFromContinuingOperations": "-225930", "netIncomeApplicableToCommonShares": "-150620", "preferredStockAndOtherAdjustments": "0"}], "quarterlyReports": [{"fiscalDateEnding": "2019-12-31", "reportedCurrency": "USD", "totalRevenue": "709630", "totalOperatingExpense": "None", "costOfRevenue": "242940", "grossProfit": "466690", "ebit": "None", "netIncome": "-1562860", "researchAndDevelopment": "None", "effectOfAccountingCharges": "None", "incomeBeforeTax": "-1439850", "minorityInterest": "None", "sellingGeneralAdministrative": "1565760", "otherNonOperatingIncome": "None", "operatingIncome": "-1226190", "otherOperatingExpense": "None", "interestExpense": "None", "taxProvision": "123000", "interestIncome": "33680", "netInterestIncome": "None", "extraordinaryItems": "None", "nonRecurring": "None", "otherItems": "None", "incomeTaxExpense": "None", "totalOtherIncomeExpense": "None", "discontinuedOperations": "None", "netIncomeFromContinuingOperations": "None", "netIncomeApplicableToCommonShares": "-1562860", "preferredStockAndOtherAdjustments": "None"}, {"fiscalDateEnding": "2019-09-30", "reportedCurrency": "USD", "totalRevenue": "None", "totalOperatingExpense": "None", "costOfRevenue": "None", "grossProfit": "None", "ebit": "None", "netIncome": "None", "researchAndDevelopment": "None", "effectOfAccountingCharges": "None", "incomeBeforeTax": "None", "minorityInterest": "None", "sellingGeneralAdministrative": "None", "otherNonOperatingIncome": "None", "operatingIncome": "None", "otherOperatingExpense": "None", "interestExpense": "None", "taxProvision": "None", "interestIncome": "None", "netInterestIncome": "None", "extraordinaryItems": "None", "nonRecurring": "None", "otherItems": "None", "incomeTaxExpense": "154939", "totalOtherIncomeExpense": "None", "discontinuedOperations": "None", "netIncomeFromContinuingOperations": "None", "netIncomeApplicableToCommonShares": "-501115", "preferredStockAndOtherAdjustments": "None"}, {"fiscalDateEnding": "2019-06-30", "reportedCurrency": "USD", "totalRevenue": "105600", "totalOperatingExpense": "431164", "costOfRevenue": "100370", "grossProfit": "5230", "ebit": "-378364", "netIncome": "-560630", "researchAndDevelopment": "0", "effectOfAccountingCharges": "0", "incomeBeforeTax": "-747500", "minorityInterest": "0", "sellingGeneralAdministrative": "761950", "otherNonOperatingIncome": "0", "operatingIncome": "-756730", "otherOperatingExpense": "0", "interestExpense": "0", "taxProvision": "-186880", "interestIncome": "34280", "netInterestIncome": "None", "extraordinaryItems": "0", "nonRecurring": "0", "otherItems": "0", "incomeTaxExpense": "-93438", "totalOtherIncomeExpense": "4614", "discontinuedOperations": "0", "netIncomeFromContinuingOperations": "-280313", "netIncomeApplicableToCommonShares": "-501115", "preferredStockAndOtherAdjustments": "0"}, {"fiscalDateEnding": "2019-03-31", "reportedCurrency": "USD", "totalRevenue": "52800", "totalOperatingExpense": "431164", "costOfRevenue": "50187", "grossProfit": "2613", "ebit": "-378364", "netIncome": "-280313", "researchAndDevelopment": "0", "effectOfAccountingCharges": "0", "incomeBeforeTax": "-373750", "minorityInterest": "0", "sellingGeneralAdministrative": "380977", "otherNonOperatingIncome": "0", "operatingIncome": "-378364", "otherOperatingExpense": "0", "interestExpense": "0", "taxProvision": "None", "interestIncome": "None", "netInterestIncome": "None", "extraordinaryItems": "0", "nonRecurring": "0", "otherItems": "0", "incomeTaxExpense": "-93438", "totalOtherIncomeExpense": "4614", "discontinuedOperations": "0", "netIncomeFromContinuingOperations": "-280313", "netIncomeApplicableToCommonShares": "-501115", "preferredStockAndOtherAdjustments": "0"}, {"fiscalDateEnding": "2018-12-31", "reportedCurrency": "USD", "totalRevenue": "5112520", "totalOperatingExpense": "1707513", "costOfRevenue": "1653030", "grossProfit": "3459490", "ebit": "-1227731", "netIncome": "-8412730", "researchAndDevelopment": "315031", "effectOfAccountingCharges": "0", "incomeBeforeTax": "-2381680", "minorityInterest": "0", "sellingGeneralAdministrative": "4800090", "otherNonOperatingIncome": "0", "operatingIncome": "-2368850", "otherOperatingExpense": "0", "interestExpense": "0", "taxProvision": "-595420", "interestIncome": "-35170", "netInterestIncome": "None", "extraordinaryItems": "-6626470", "nonRecurring": "0", "otherItems": "0", "incomeTaxExpense": "-549978", "totalOtherIncomeExpense": "-6696", "discontinuedOperations": "-960926", "netIncomeFromContinuingOperations": "-684448", "netIncomeApplicableToCommonShares": "-1645374", "preferredStockAndOtherAdjustments": "0"}, {"fiscalDateEnding": "2018-09-30", "reportedCurrency": "USD", "totalRevenue": "479782", "totalOperatingExpense": "1707513", "costOfRevenue": "38654", "grossProfit": "441128", "ebit": "-1227731", "netIncome": "-1645374", "researchAndDevelopment": "315031", "effectOfAccountingCharges": "0", "incomeBeforeTax": "-1234427", "minorityInterest": "0", "sellingGeneralAdministrative": "892220", "otherNonOperatingIncome": "0", "operatingIncome": "-1227731", "otherOperatingExpense": "0", "interestExpense": "0", "taxProvision": "None", "interestIncome": "None", "netInterestIncome": "None", "extraordinaryItems": "0", "nonRecurring": "0", "otherItems": "0", "incomeTaxExpense": "-549980", "totalOtherIncomeExpense": "-6696", "discontinuedOperations": "-960926", "netIncomeFromContinuingOperations": "-684448", "netIncomeApplicableToCommonShares": "-1645374", "preferredStockAndOtherAdjustments": "0"}, {"fiscalDateEnding": "2018-06-30", "reportedCurrency": "USD", "totalRevenue": "4152960", "totalOperatingExpense": "12561528.07", "costOfRevenue": "1575720", "grossProfit": "2577240", "ebit": "43308", "netIncome": "-5121980", "researchAndDevelopment": "199094", "effectOfAccountingCharges": "0", "incomeBeforeTax": "87170", "minorityInterest": "0", "sellingGeneralAdministrative": "2092430", "otherNonOperatingIncome": "0", "operatingIncome": "86620", "otherOperatingExpense": "0", "interestExpense": "0", "taxProvision": "504540", "interestIncome": "None", "netInterestIncome": "None", "extraordinaryItems": "-4704620", "nonRecurring": "0", "otherItems": "0", "incomeTaxExpense": "252269", "totalOtherIncomeExpense": "278", "discontinuedOperations": "-2352309", "netIncomeFromContinuingOperations": "-208683", "netIncomeApplicableToCommonShares": "-5121980", "preferredStockAndOtherAdjustments": "0"}, {"fiscalDateEnding": "2018-03-31", "reportedCurrency": "USD", "totalRevenue": "2076478", "totalOperatingExpense": "24419018.90", "costOfRevenue": "787860", "grossProfit": "1288618", "ebit": "43308", "netIncome": "-2560992", "researchAndDevelopment": "199094", "effectOfAccountingCharges": "0", "incomeBeforeTax": "43586", "minorityInterest": "0", "sellingGeneralAdministrative": "1046216", "otherNonOperatingIncome": "0", "operatingIncome": "43308", "otherOperatingExpense": "0", "interestExpense": "0", "taxProvision": "None", "interestIncome": "None", "netInterestIncome": "None", "extraordinaryItems": "0", "nonRecurring": "0", "otherItems": "0", "incomeTaxExpense": "252269", "totalOtherIncomeExpense": "278", "discontinuedOperations": "-2352309", "netIncomeFromContinuingOperations": "-208683", "netIncomeApplicableToCommonShares": "-2560992", "preferredStockAndOtherAdjustments": "0"}, {"fiscalDateEnding": "2017-12-31", "reportedCurrency": "USD", "totalRevenue": "12427740", "totalOperatingExpense": "2125068", "costOfRevenue": "3348680", "grossProfit": "9079060", "ebit": "1200280", "netIncome": "3899890", "researchAndDevelopment": "-275951", "effectOfAccountingCharges": "0", "incomeBeforeTax": "5720430", "minorityInterest": "0", "sellingGeneralAdministrative": "2966470", "otherNonOperatingIncome": "None", "operatingIncome": "5714400", "otherOperatingExpense": "0", "interestExpense": "-288", "taxProvision": "1300890", "interestIncome": "None", "netInterestIncome": "None", "extraordinaryItems": "-519640", "nonRecurring": "0", "otherItems": "0", "incomeTaxExpense": "319306", "totalOtherIncomeExpense": "98267", "discontinuedOperations": "-2352309", "netIncomeFromContinuingOperations": "979241", "netIncomeApplicableToCommonShares": "3899890", "preferredStockAndOtherAdjustments": "None"}, {"fiscalDateEnding": "2017-09-30", "reportedCurrency": "USD", "totalRevenue": "3325348", "totalOperatingExpense": "2125068", "costOfRevenue": "1286235", "grossProfit": "2039114", "ebit": "1200280", "netIncome": "979241", "researchAndDevelopment": "-275951", "effectOfAccountingCharges": "0", "incomeBeforeTax": "1298548", "minorityInterest": "0", "sellingGeneralAdministrative": "1132284", "otherNonOperatingIncome": "None", "operatingIncome": "1200280", "otherOperatingExpense": "0", "interestExpense": "-288", "taxProvision": "None", "interestIncome": "None", "netInterestIncome": "None", "extraordinaryItems": "0", "nonRecurring": "0", "otherItems": "0", "incomeTaxExpense": "319306", "totalOtherIncomeExpense": "98267", "discontinuedOperations": "-2352309", "netIncomeFromContinuingOperations": "979241", "netIncomeApplicableToCommonShares": "979241", "preferredStockAndOtherAdjustments": "None"}, {"fiscalDateEnding": "2017-06-30", "reportedCurrency": "USD", "totalRevenue": "5796000", "totalOperatingExpense": "-1608390", "costOfRevenue": "1179000", "grossProfit": "-2461679", "ebit": "-1336905", "netIncome": "2945000", "researchAndDevelopment": "406000", "effectOfAccountingCharges": "0", "incomeBeforeTax": "2813000", "minorityInterest": "0", "sellingGeneralAdministrative": "1709000", "otherNonOperatingIncome": "None", "operatingIncome": "2806000", "otherOperatingExpense": "0", "interestExpense": "288", "taxProvision": "None", "interestIncome": "None", "netInterestIncome": "None", "extraordinaryItems": "0", "nonRecurring": "0", "otherItems": "0", "incomeTaxExpense": "-331141", "totalOtherIncomeExpense": "35059", "discontinuedOperations": "0", "netIncomeFromContinuingOperations": "-970705", "netIncomeApplicableToCommonShares": "3771000", "preferredStockAndOtherAdjustments": "None"}, {"fiscalDateEnding": "2017-03-31", "reportedCurrency": "USD", "totalRevenue": "2945294", "totalOperatingExpense": "1608390", "costOfRevenue": "483615", "grossProfit": "2461679", "ebit": "1336905", "netIncome": "970705", "researchAndDevelopment": "475045", "effectOfAccountingCharges": "0", "incomeBeforeTax": "1301845", "minorityInterest": "0", "sellingGeneralAdministrative": "632230", "otherNonOperatingIncome": "None", "operatingIncome": "1336905", "otherOperatingExpense": "0", "interestExpense": "-288", "taxProvision": "None", "interestIncome": "None", "netInterestIncome": "None", "extraordinaryItems": "0", "nonRecurring": "0", "otherItems": "0", "incomeTaxExpense": "331141", "totalOtherIncomeExpense": "-35059", "discontinuedOperations": "0", "netIncomeFromContinuingOperations": "970705", "netIncomeApplicableToCommonShares": "970705", "preferredStockAndOtherAdjustments": "None"}, {"fiscalDateEnding": "2016-12-31", "reportedCurrency": "USD", "totalRevenue": "7705000", "totalOperatingExpense": "4568206", "costOfRevenue": "2352000", "grossProfit": "5327248", "ebit": "3136614", "netIncome": "2350000", "researchAndDevelopment": "290000", "effectOfAccountingCharges": "0", "incomeBeforeTax": "3133000", "minorityInterest": "0", "sellingGeneralAdministrative": "2191000", "otherNonOperatingIncome": "None", "operatingIncome": "3136000", "otherOperatingExpense": "0", "interestExpense": "0", "taxProvision": "None", "interestIncome": "None", "netInterestIncome": "None", "extraordinaryItems": "0", "nonRecurring": "0", "otherItems": "0", "incomeTaxExpense": "783000", "totalOtherIncomeExpense": "-3084", "discontinuedOperations": "0", "netIncomeFromContinuingOperations": "2350148", "netIncomeApplicableToCommonShares": "2350000", "preferredStockAndOtherAdjustments": "None"}, {"fiscalDateEnding": "2015-12-31", "reportedCurrency": "USD", "totalRevenue": "0", "totalOperatingExpense": "225672", "costOfRevenue": "0", "grossProfit": "0", "ebit": "-225672", "netIncome": "-225930", "researchAndDevelopment": "166703", "effectOfAccountingCharges": "0", "incomeBeforeTax": "-225930", "minorityInterest": "0", "sellingGeneralAdministrative": "58970", "otherNonOperatingIncome": "None", "operatingIncome": "-225672", "otherOperatingExpense": "0", "interestExpense": "0", "taxProvision": "None", "interestIncome": "None", "netInterestIncome": "None", "extraordinaryItems": "0", "nonRecurring": "0", "otherItems": "0", "incomeTaxExpense": "0", "totalOtherIncomeExpense": "-258", "discontinuedOperations": "0", "netIncomeFromContinuingOperations": "-225930", "netIncomeApplicableToCommonShares": "-225930", "preferredStockAndOtherAdjustments": "None"}]}