{"symbol": "AGNC", "annualReports": [{"fiscalDateEnding": "2019-12-31", "reportedCurrency": "USD", "totalRevenue": "771000000", "totalOperatingExpense": "83000000", "costOfRevenue": "2149000000", "grossProfit": "771000000", "ebit": "None", "netIncome": "688000000", "researchAndDevelopment": "None", "effectOfAccountingCharges": "None", "incomeBeforeTax": "688000000", "minorityInterest": "None", "sellingGeneralAdministrative": "47000000", "otherNonOperatingIncome": "None", "operatingIncome": "688000000", "otherOperatingExpense": "35500000", "interestExpense": "2149000000", "taxProvision": "None", "interestIncome": "2842000000", "netInterestIncome": "693000000", "extraordinaryItems": "None", "nonRecurring": "None", "otherItems": "None", "incomeTaxExpense": "None", "totalOtherIncomeExpense": "None", "discontinuedOperations": "None", "netIncomeFromContinuingOperations": "688000000", "netIncomeApplicableToCommonShares": "628000000", "preferredStockAndOtherAdjustments": "None"}, {"fiscalDateEnding": "2018-12-31", "reportedCurrency": "USD", "totalRevenue": "-547000000", "totalOperatingExpense": "-100000000", "costOfRevenue": "1173000000", "grossProfit": "-547000000", "ebit": "-447000000", "netIncome": "129000000", "researchAndDevelopment": "0", "effectOfAccountingCharges": "None", "incomeBeforeTax": "329000000", "minorityInterest": "None", "sellingGeneralAdministrative": "-100000000", "otherNonOperatingIncome": "None", "operatingIncome": "-447000000", "otherOperatingExpense": "27500000", "interestExpense": "-776000000", "taxProvision": "None", "interestIncome": "1949000000", "netInterestIncome": "776000000", "extraordinaryItems": "None", "nonRecurring": "None", "otherItems": "None", "incomeTaxExpense": "0", "totalOtherIncomeExpense": "-27000000", "discontinuedOperations": "None", "netIncomeFromContinuingOperations": "329000000", "netIncomeApplicableToCommonShares": "93000000", "preferredStockAndOtherAdjustments": "36000000"}, {"fiscalDateEnding": "2017-12-31", "reportedCurrency": "USD", "totalRevenue": "72000000", "totalOperatingExpense": "-70000000", "costOfRevenue": "524000000", "grossProfit": "72000000", "ebit": "142000000", "netIncome": "771000000", "researchAndDevelopment": "0", "effectOfAccountingCharges": "None", "incomeBeforeTax": "911000000", "minorityInterest": "None", "sellingGeneralAdministrative": "-70000000", "otherNonOperatingIncome": "None", "operatingIncome": "142000000", "otherOperatingExpense": "30500000", "interestExpense": "-769000000", "taxProvision": "None", "interestIncome": "1293000000", "netInterestIncome": "769000000", "extraordinaryItems": "None", "nonRecurring": "None", "otherItems": "None", "incomeTaxExpense": "0", "totalOtherIncomeExpense": "0", "discontinuedOperations": "None", "netIncomeFromContinuingOperations": "911000000", "netIncomeApplicableToCommonShares": "733000000", "preferredStockAndOtherAdjustments": "32000000"}, {"fiscalDateEnding": "2016-12-31", "reportedCurrency": "USD", "totalRevenue": "-199000000", "totalOperatingExpense": "-105000000", "costOfRevenue": "446000000", "grossProfit": "-199000000", "ebit": "-94000000", "netIncome": "623000000", "researchAndDevelopment": "0", "effectOfAccountingCharges": "None", "incomeBeforeTax": "833000000", "minorityInterest": "None", "sellingGeneralAdministrative": "-105000000", "otherNonOperatingIncome": "None", "operatingIncome": "-94000000", "otherOperatingExpense": "24300000", "interestExpense": "-927000000", "taxProvision": "None", "interestIncome": "1321000000", "netInterestIncome": "927000000", "extraordinaryItems": "None", "nonRecurring": "None", "otherItems": "None", "incomeTaxExpense": "0", "totalOtherIncomeExpense": "-9000000", "discontinuedOperations": "None", "netIncomeFromContinuingOperations": "833000000", "netIncomeApplicableToCommonShares": "595000000", "preferredStockAndOtherAdjustments": "28000000"}, {"fiscalDateEnding": "2015-12-31", "reportedCurrency": "USD", "totalRevenue": "-782000000", "totalOperatingExpense": "-139000000", "costOfRevenue": "446000000", "grossProfit": "-782000000", "ebit": "-643000000", "netIncome": "215000000", "researchAndDevelopment": "0", "effectOfAccountingCharges": "None", "incomeBeforeTax": "215000000", "minorityInterest": "None", "sellingGeneralAdministrative": "-139000000", "otherNonOperatingIncome": "None", "operatingIncome": "-643000000", "otherOperatingExpense": "22296000", "interestExpense": "-1136000000", "taxProvision": "None", "interestIncome": "None", "netInterestIncome": "None", "extraordinaryItems": "None", "nonRecurring": "None", "otherItems": "None", "incomeTaxExpense": "0", "totalOtherIncomeExpense": "0", "discontinuedOperations": "None", "netIncomeFromContinuingOperations": "215000000", "netIncomeApplicableToCommonShares": "187000000", "preferredStockAndOtherAdjustments": "28000000"}], "quarterlyReports": [{"fiscalDateEnding": "2020-06-30", "reportedCurrency": "USD", "totalRevenue": "447000000", "totalOperatingExpense": "-24000000", "costOfRevenue": "None", "grossProfit": "447000000", "ebit": "471000000", "netIncome": "718000000", "researchAndDevelopment": "None", "effectOfAccountingCharges": "None", "incomeBeforeTax": "766000000", "minorityInterest": "None", "sellingGeneralAdministrative": "-24000000", "otherNonOperatingIncome": "None", "operatingIncome": "471000000", "otherOperatingExpense": "11000000", "interestExpense": "-295000000", "taxProvision": "None", "interestIncome": "429000000", "netInterestIncome": "295000000", "extraordinaryItems": "None", "nonRecurring": "None", "otherItems": "None", "incomeTaxExpense": "None", "totalOtherIncomeExpense": "None", "discontinuedOperations": "None", "netIncomeFromContinuingOperations": "766000000", "netIncomeApplicableToCommonShares": "693000000", "preferredStockAndOtherAdjustments": "25000000"}, {"fiscalDateEnding": "2020-03-31", "reportedCurrency": "USD", "totalRevenue": "-2463000000", "totalOperatingExpense": "-23000000", "costOfRevenue": "426000000", "grossProfit": "-2463000000", "ebit": "-2440000000", "netIncome": "-2421000000", "researchAndDevelopment": "None", "effectOfAccountingCharges": "None", "incomeBeforeTax": "-2375000000", "minorityInterest": "None", "sellingGeneralAdministrative": "-23000000", "otherNonOperatingIncome": "None", "operatingIncome": "-2440000000", "otherOperatingExpense": "10000000", "interestExpense": "-65000000", "taxProvision": "None", "interestIncome": "491000000", "netInterestIncome": "65000000", "extraordinaryItems": "None", "nonRecurring": "None", "otherItems": "None", "incomeTaxExpense": "None", "totalOtherIncomeExpense": "None", "discontinuedOperations": "None", "netIncomeFromContinuingOperations": "-2375000000", "netIncomeApplicableToCommonShares": "-2442000000", "preferredStockAndOtherAdjustments": "21000000"}, {"fiscalDateEnding": "2019-12-31", "reportedCurrency": "USD", "totalRevenue": "896000000", "totalOperatingExpense": "25000000", "costOfRevenue": "481000000", "grossProfit": "896000000", "ebit": "None", "netIncome": "871000000", "researchAndDevelopment": "None", "effectOfAccountingCharges": "None", "incomeBeforeTax": "871000000", "minorityInterest": "None", "sellingGeneralAdministrative": "16000000", "otherNonOperatingIncome": "None", "operatingIncome": "871000000", "otherOperatingExpense": "8500000", "interestExpense": "481000000", "taxProvision": "None", "interestIncome": "768000000", "netInterestIncome": "287000000", "extraordinaryItems": "None", "nonRecurring": "None", "otherItems": "None", "incomeTaxExpense": "None", "totalOtherIncomeExpense": "None", "discontinuedOperations": "None", "netIncomeFromContinuingOperations": "871000000", "netIncomeApplicableToCommonShares": "847000000", "preferredStockAndOtherAdjustments": "None"}, {"fiscalDateEnding": "2019-09-30", "reportedCurrency": "USD", "totalRevenue": "-104000000", "totalOperatingExpense": "-19000000", "costOfRevenue": "557000000", "grossProfit": "-104000000", "ebit": "-85000000", "netIncome": "-4000000", "researchAndDevelopment": "None", "effectOfAccountingCharges": "None", "incomeBeforeTax": "34000000", "minorityInterest": "None", "sellingGeneralAdministrative": "-19000000", "otherNonOperatingIncome": "None", "operatingIncome": "-85000000", "otherOperatingExpense": "9000000", "interestExpense": "-119000000", "taxProvision": "None", "interestIncome": "676000000", "netInterestIncome": "119000000", "extraordinaryItems": "None", "nonRecurring": "None", "otherItems": "None", "incomeTaxExpense": "None", "totalOtherIncomeExpense": "None", "discontinuedOperations": "None", "netIncomeFromContinuingOperations": "34000000", "netIncomeApplicableToCommonShares": "-17000000", "preferredStockAndOtherAdjustments": "13000000"}, {"fiscalDateEnding": "2019-06-30", "reportedCurrency": "USD", "totalRevenue": "-547000000", "totalOperatingExpense": "-20000000", "costOfRevenue": "570000000", "grossProfit": "-547000000", "ebit": "-527000000", "netIncome": "-444000000", "researchAndDevelopment": "None", "effectOfAccountingCharges": "None", "incomeBeforeTax": "-404000000", "minorityInterest": "None", "sellingGeneralAdministrative": "-20000000", "otherNonOperatingIncome": "None", "operatingIncome": "-527000000", "otherOperatingExpense": "9000000", "interestExpense": "-123000000", "taxProvision": "None", "interestIncome": "693000000", "netInterestIncome": "123000000", "extraordinaryItems": "None", "nonRecurring": "None", "otherItems": "None", "incomeTaxExpense": "None", "totalOtherIncomeExpense": "None", "discontinuedOperations": "None", "netIncomeFromContinuingOperations": "-404000000", "netIncomeApplicableToCommonShares": "-457000000", "preferredStockAndOtherAdjustments": "13000000"}, {"fiscalDateEnding": "2019-03-31", "reportedCurrency": "USD", "totalRevenue": "120000000", "totalOperatingExpense": "-19000000", "costOfRevenue": "541000000", "grossProfit": "120000000", "ebit": "139000000", "netIncome": "265000000", "researchAndDevelopment": "None", "effectOfAccountingCharges": "None", "incomeBeforeTax": "303000000", "minorityInterest": "None", "sellingGeneralAdministrative": "-19000000", "otherNonOperatingIncome": "None", "operatingIncome": "139000000", "otherOperatingExpense": "9000000", "interestExpense": "-164000000", "taxProvision": "None", "interestIncome": "705000000", "netInterestIncome": "164000000", "extraordinaryItems": "None", "nonRecurring": "None", "otherItems": "None", "incomeTaxExpense": "None", "totalOtherIncomeExpense": "None", "discontinuedOperations": "None", "netIncomeFromContinuingOperations": "303000000", "netIncomeApplicableToCommonShares": "255000000", "preferredStockAndOtherAdjustments": "10000000"}, {"fiscalDateEnding": "2018-12-31", "reportedCurrency": "USD", "totalRevenue": "-971000000", "totalOperatingExpense": "-19000000", "costOfRevenue": "18000000", "grossProfit": "-971000000", "ebit": "-952000000", "netIncome": "-804000000", "researchAndDevelopment": "0", "effectOfAccountingCharges": "0", "incomeBeforeTax": "-766000000", "minorityInterest": "0", "sellingGeneralAdministrative": "-19000000", "otherNonOperatingIncome": "None", "operatingIncome": "-952000000", "otherOperatingExpense": "3500000", "interestExpense": "-186000000", "taxProvision": "None", "interestIncome": "None", "netInterestIncome": "None", "extraordinaryItems": "0", "nonRecurring": "0", "otherItems": "0", "incomeTaxExpense": "0", "totalOtherIncomeExpense": "-4000000", "discontinuedOperations": "0", "netIncomeFromContinuingOperations": "-766000000", "netIncomeApplicableToCommonShares": "-813000000", "preferredStockAndOtherAdjustments": "9000000"}, {"fiscalDateEnding": "2018-09-30", "reportedCurrency": "USD", "totalRevenue": "73000000", "totalOperatingExpense": "-45000000", "costOfRevenue": "18000000", "grossProfit": "73000000", "ebit": "118000000", "netIncome": "216000000", "researchAndDevelopment": "0", "effectOfAccountingCharges": "0", "incomeBeforeTax": "306000000", "minorityInterest": "0", "sellingGeneralAdministrative": "-45000000", "otherNonOperatingIncome": "None", "operatingIncome": "118000000", "otherOperatingExpense": "8000000", "interestExpense": "-188000000", "taxProvision": "None", "interestIncome": "None", "netInterestIncome": "None", "extraordinaryItems": "0", "nonRecurring": "0", "otherItems": "0", "incomeTaxExpense": "0", "totalOtherIncomeExpense": "-23000000", "discontinuedOperations": "0", "netIncomeFromContinuingOperations": "306000000", "netIncomeApplicableToCommonShares": "207000000", "preferredStockAndOtherAdjustments": "9000000"}, {"fiscalDateEnding": "2018-06-30", "reportedCurrency": "USD", "totalRevenue": "134000000", "totalOperatingExpense": "-18000000", "costOfRevenue": "18000000", "grossProfit": "134000000", "ebit": "152000000", "netIncome": "293000000", "researchAndDevelopment": "0", "effectOfAccountingCharges": "0", "incomeBeforeTax": "329000000", "minorityInterest": "0", "sellingGeneralAdministrative": "-18000000", "otherNonOperatingIncome": "None", "operatingIncome": "152000000", "otherOperatingExpense": "8000000", "interestExpense": "-177000000", "taxProvision": "None", "interestIncome": "None", "netInterestIncome": "None", "extraordinaryItems": "0", "nonRecurring": "0", "otherItems": "0", "incomeTaxExpense": "0", "totalOtherIncomeExpense": "0", "discontinuedOperations": "0", "netIncomeFromContinuingOperations": "329000000", "netIncomeApplicableToCommonShares": "284000000", "preferredStockAndOtherAdjustments": "9000000"}, {"fiscalDateEnding": "2018-03-31", "reportedCurrency": "USD", "totalRevenue": "217000000", "totalOperatingExpense": "-18000000", "costOfRevenue": "17000000", "grossProfit": "217000000", "ebit": "235000000", "netIncome": "424000000", "researchAndDevelopment": "0", "effectOfAccountingCharges": "0", "incomeBeforeTax": "460000000", "minorityInterest": "0", "sellingGeneralAdministrative": "-18000000", "otherNonOperatingIncome": "None", "operatingIncome": "235000000", "otherOperatingExpense": "8000000", "interestExpense": "-225000000", "taxProvision": "None", "interestIncome": "None", "netInterestIncome": "None", "extraordinaryItems": "0", "nonRecurring": "0", "otherItems": "0", "incomeTaxExpense": "0", "totalOtherIncomeExpense": "0", "discontinuedOperations": "0", "netIncomeFromContinuingOperations": "460000000", "netIncomeApplicableToCommonShares": "415000000", "preferredStockAndOtherAdjustments": "9000000"}, {"fiscalDateEnding": "2017-12-31", "reportedCurrency": "USD", "totalRevenue": "373000000", "totalOperatingExpense": "136000000", "costOfRevenue": "20000000", "grossProfit": "844000000", "ebit": "-3480000000", "netIncome": "385000000", "researchAndDevelopment": "0", "effectOfAccountingCharges": "0", "incomeBeforeTax": "385000000", "minorityInterest": "0", "sellingGeneralAdministrative": "42000000", "otherNonOperatingIncome": "None", "operatingIncome": "353000000", "otherOperatingExpense": "-86500000", "interestExpense": "174000000", "taxProvision": "None", "interestIncome": "None", "netInterestIncome": "None", "extraordinaryItems": "0", "nonRecurring": "0", "otherItems": "0", "incomeTaxExpense": "0", "totalOtherIncomeExpense": "0", "discontinuedOperations": "0", "netIncomeFromContinuingOperations": "-915000000", "netIncomeApplicableToCommonShares": "376000000", "preferredStockAndOtherAdjustments": "None"}, {"fiscalDateEnding": "2017-09-30", "reportedCurrency": "USD", "totalRevenue": "125000000", "totalOperatingExpense": "-17000000", "costOfRevenue": "16000000", "grossProfit": "125000000", "ebit": "142000000", "netIncome": "286000000", "researchAndDevelopment": "0", "effectOfAccountingCharges": "0", "incomeBeforeTax": "320000000", "minorityInterest": "0", "sellingGeneralAdministrative": "-17000000", "otherNonOperatingIncome": "None", "operatingIncome": "142000000", "otherOperatingExpense": "160000000", "interestExpense": "-178000000", "taxProvision": "None", "interestIncome": "None", "netInterestIncome": "None", "extraordinaryItems": "0", "nonRecurring": "0", "otherItems": "0", "incomeTaxExpense": "0", "totalOtherIncomeExpense": "0", "discontinuedOperations": "0", "netIncomeFromContinuingOperations": "320000000", "netIncomeApplicableToCommonShares": "271000000", "preferredStockAndOtherAdjustments": "9000000"}, {"fiscalDateEnding": "2017-06-30", "reportedCurrency": "USD", "totalRevenue": "-141000000", "totalOperatingExpense": "-16000000", "costOfRevenue": "15000000", "grossProfit": "-141000000", "ebit": "-125000000", "netIncome": "24000000", "researchAndDevelopment": "0", "effectOfAccountingCharges": "0", "incomeBeforeTax": "56000000", "minorityInterest": "0", "sellingGeneralAdministrative": "-16000000", "otherNonOperatingIncome": "None", "operatingIncome": "-125000000", "otherOperatingExpense": "-50000000", "interestExpense": "-181000000", "taxProvision": "None", "interestIncome": "None", "netInterestIncome": "None", "extraordinaryItems": "0", "nonRecurring": "0", "otherItems": "0", "incomeTaxExpense": "0", "totalOtherIncomeExpense": "0", "discontinuedOperations": "0", "netIncomeFromContinuingOperations": "56000000", "netIncomeApplicableToCommonShares": "17000000", "preferredStockAndOtherAdjustments": "7000000"}, {"fiscalDateEnding": "2017-03-31", "reportedCurrency": "USD", "totalRevenue": "-105000000", "totalOperatingExpense": "-17000000", "costOfRevenue": "16000000", "grossProfit": "-105000000", "ebit": "-88000000", "netIncome": "76000000", "researchAndDevelopment": "0", "effectOfAccountingCharges": "0", "incomeBeforeTax": "110000000", "minorityInterest": "0", "sellingGeneralAdministrative": "-17000000", "otherNonOperatingIncome": "None", "operatingIncome": "-88000000", "otherOperatingExpense": "7000000", "interestExpense": "-198000000", "taxProvision": "None", "interestIncome": "None", "netInterestIncome": "None", "extraordinaryItems": "0", "nonRecurring": "0", "otherItems": "0", "incomeTaxExpense": "0", "totalOtherIncomeExpense": "0", "discontinuedOperations": "0", "netIncomeFromContinuingOperations": "110000000", "netIncomeApplicableToCommonShares": "69000000", "preferredStockAndOtherAdjustments": "7000000"}, {"fiscalDateEnding": "2016-12-31", "reportedCurrency": "USD", "totalRevenue": "392000000", "totalOperatingExpense": "96000000", "costOfRevenue": "16000000", "grossProfit": "676000000", "ebit": "-845000000", "netIncome": "1019000000", "researchAndDevelopment": "0", "effectOfAccountingCharges": "0", "incomeBeforeTax": "1019000000", "minorityInterest": "0", "sellingGeneralAdministrative": "19000000", "otherNonOperatingIncome": "None", "operatingIncome": "375000000", "otherOperatingExpense": "24300000", "interestExpense": "98000000", "taxProvision": "None", "interestIncome": "None", "netInterestIncome": "None", "extraordinaryItems": "0", "nonRecurring": "0", "otherItems": "0", "incomeTaxExpense": "0", "totalOtherIncomeExpense": "-9000000", "discontinuedOperations": "0", "netIncomeFromContinuingOperations": "-833000000", "netIncomeApplicableToCommonShares": "1012000000", "preferredStockAndOtherAdjustments": "None"}, {"fiscalDateEnding": "2016-09-30", "reportedCurrency": "USD", "totalRevenue": "307000000", "totalOperatingExpense": "-15000000", "costOfRevenue": "5000000", "grossProfit": "307000000", "ebit": "322000000", "netIncome": "511000000", "researchAndDevelopment": "0", "effectOfAccountingCharges": "0", "incomeBeforeTax": "541000000", "minorityInterest": "0", "sellingGeneralAdministrative": "-15000000", "otherNonOperatingIncome": "None", "operatingIncome": "322000000", "otherOperatingExpense": "0", "interestExpense": "-219000000", "taxProvision": "None", "interestIncome": "None", "netInterestIncome": "None", "extraordinaryItems": "0", "nonRecurring": "0", "otherItems": "0", "incomeTaxExpense": "0", "totalOtherIncomeExpense": "0", "discontinuedOperations": "0", "netIncomeFromContinuingOperations": "541000000", "netIncomeApplicableToCommonShares": "504000000", "preferredStockAndOtherAdjustments": "7000000"}, {"fiscalDateEnding": "2016-06-30", "reportedCurrency": "USD", "totalRevenue": "-312000000", "totalOperatingExpense": "-40000000", "costOfRevenue": "40000000", "grossProfit": "-312000000", "ebit": "-272000000", "netIncome": "-135000000", "researchAndDevelopment": "0", "effectOfAccountingCharges": "0", "incomeBeforeTax": "-55000000", "minorityInterest": "0", "sellingGeneralAdministrative": "-40000000", "otherNonOperatingIncome": "None", "operatingIncome": "-272000000", "otherOperatingExpense": "0", "interestExpense": "-217000000", "taxProvision": "None", "interestIncome": "None", "netInterestIncome": "None", "extraordinaryItems": "0", "nonRecurring": "0", "otherItems": "0", "incomeTaxExpense": "0", "totalOtherIncomeExpense": "0", "discontinuedOperations": "0", "netIncomeFromContinuingOperations": "-55000000", "netIncomeApplicableToCommonShares": "-142000000", "preferredStockAndOtherAdjustments": "7000000"}, {"fiscalDateEnding": "2016-03-31", "reportedCurrency": "USD", "totalRevenue": "-935000000", "totalOperatingExpense": "-33000000", "costOfRevenue": "33000000", "grossProfit": "-935000000", "ebit": "-902000000", "netIncome": "-772000000", "researchAndDevelopment": "0", "effectOfAccountingCharges": "0", "incomeBeforeTax": "-706000000", "minorityInterest": "0", "sellingGeneralAdministrative": "-33000000", "otherNonOperatingIncome": "None", "operatingIncome": "-902000000", "otherOperatingExpense": "0", "interestExpense": "-196000000", "taxProvision": "None", "interestIncome": "None", "netInterestIncome": "None", "extraordinaryItems": "0", "nonRecurring": "0", "otherItems": "0", "incomeTaxExpense": "0", "totalOtherIncomeExpense": "0", "discontinuedOperations": "0", "netIncomeFromContinuingOperations": "-706000000", "netIncomeApplicableToCommonShares": "-779000000", "preferredStockAndOtherAdjustments": "7000000"}, {"fiscalDateEnding": "2015-12-31", "reportedCurrency": "USD", "totalRevenue": "376000000", "totalOperatingExpense": "139000000", "costOfRevenue": "33000000", "grossProfit": "238000000", "ebit": "0", "netIncome": "588000000", "researchAndDevelopment": "0", "effectOfAccountingCharges": "0", "incomeBeforeTax": "588000000", "minorityInterest": "0", "sellingGeneralAdministrative": "19000000", "otherNonOperatingIncome": "None", "operatingIncome": "343000000", "otherOperatingExpense": "22296000", "interestExpense": "86000000", "taxProvision": "None", "interestIncome": "None", "netInterestIncome": "None", "extraordinaryItems": "0", "nonRecurring": "0", "otherItems": "0", "incomeTaxExpense": "0", "totalOtherIncomeExpense": "0", "discontinuedOperations": "0", "netIncomeFromContinuingOperations": "215000000", "netIncomeApplicableToCommonShares": "581000000", "preferredStockAndOtherAdjustments": "None"}, {"fiscalDateEnding": "2015-09-30", "reportedCurrency": "USD", "totalRevenue": "-817000000", "totalOperatingExpense": "34000000", "costOfRevenue": "34000000", "grossProfit": "-817000000", "ebit": "-851000000", "netIncome": "-633000000", "researchAndDevelopment": "0", "effectOfAccountingCharges": "0", "incomeBeforeTax": "-633000000", "minorityInterest": "0", "sellingGeneralAdministrative": "34000000", "otherNonOperatingIncome": "None", "operatingIncome": "-851000000", "otherOperatingExpense": "0", "interestExpense": "-218000000", "taxProvision": "None", "interestIncome": "None", "netInterestIncome": "None", "extraordinaryItems": "0", "nonRecurring": "0", "otherItems": "0", "incomeTaxExpense": "0", "totalOtherIncomeExpense": "0", "discontinuedOperations": "0", "netIncomeFromContinuingOperations": "-633000000", "netIncomeApplicableToCommonShares": "-640000000", "preferredStockAndOtherAdjustments": "7000000"}, {"fiscalDateEnding": "2015-06-30", "reportedCurrency": "USD", "totalRevenue": "215000000", "totalOperatingExpense": "36000000", "costOfRevenue": "36000000", "grossProfit": "215000000", "ebit": "179000000", "netIncome": "512000000", "researchAndDevelopment": "0", "effectOfAccountingCharges": "0", "incomeBeforeTax": "512000000", "minorityInterest": "0", "sellingGeneralAdministrative": "36000000", "otherNonOperatingIncome": "None", "operatingIncome": "179000000", "otherOperatingExpense": "0", "interestExpense": "-333000000", "taxProvision": "None", "interestIncome": "None", "netInterestIncome": "None", "extraordinaryItems": "0", "nonRecurring": "0", "otherItems": "0", "incomeTaxExpense": "0", "totalOtherIncomeExpense": "0", "discontinuedOperations": "0", "netIncomeFromContinuingOperations": "512000000", "netIncomeApplicableToCommonShares": "505000000", "preferredStockAndOtherAdjustments": "7000000"}]}