{"symbol": "AGO", "annualReports": [{"fiscalDateEnding": "2019-12-31", "reportedCurrency": "USD", "totalRevenue": "963000000", "totalOperatingExpense": "-503000000", "costOfRevenue": "111000000", "grossProfit": "963000000", "ebit": "1470000000", "netIncome": "402000000", "researchAndDevelopment": "None", "effectOfAccountingCharges": "None", "incomeBeforeTax": "464000000", "minorityInterest": "-1000000", "sellingGeneralAdministrative": "178000000", "otherNonOperatingIncome": "4000000", "operatingIncome": "1466000000", "otherOperatingExpense": "-503000000", "interestExpense": "89000000", "taxProvision": "63000000", "interestIncome": "-85000000", "netInterestIncome": "-89000000", "extraordinaryItems": "None", "nonRecurring": "None", "otherItems": "None", "incomeTaxExpense": "63000000", "totalOtherIncomeExpense": "5000000", "discontinuedOperations": "None", "netIncomeFromContinuingOperations": "401000000", "netIncomeApplicableToCommonShares": "402000000", "preferredStockAndOtherAdjustments": "None"}, {"fiscalDateEnding": "2018-12-31", "reportedCurrency": "USD", "totalRevenue": "1002000000", "totalOperatingExpense": "422000000", "costOfRevenue": "80000000", "grossProfit": "1002000000", "ebit": "580000000", "netIncome": "521000000", "researchAndDevelopment": "0", "effectOfAccountingCharges": "None", "incomeBeforeTax": "580000000", "minorityInterest": "13000000", "sellingGeneralAdministrative": "152000000", "otherNonOperatingIncome": "None", "operatingIncome": "580000000", "otherOperatingExpense": "422000000", "interestExpense": "94000000", "taxProvision": "59000000", "interestIncome": "-94000000", "netInterestIncome": "-94000000", "extraordinaryItems": "4000000", "nonRecurring": "None", "otherItems": "None", "incomeTaxExpense": "-59000000", "totalOtherIncomeExpense": "-38000000", "discontinuedOperations": "None", "netIncomeFromContinuingOperations": "639000000", "netIncomeApplicableToCommonShares": "521000000", "preferredStockAndOtherAdjustments": "None"}, {"fiscalDateEnding": "2017-12-31", "reportedCurrency": "USD", "totalRevenue": "1739000000", "totalOperatingExpense": "748000000", "costOfRevenue": "407000000", "grossProfit": "1739000000", "ebit": "991000000", "netIncome": "730000000", "researchAndDevelopment": "0", "effectOfAccountingCharges": "None", "incomeBeforeTax": "991000000", "minorityInterest": "13000000", "sellingGeneralAdministrative": "143000000", "otherNonOperatingIncome": "None", "operatingIncome": "991000000", "otherOperatingExpense": "748000000", "interestExpense": "97000000", "taxProvision": "261000000", "interestIncome": "-97000000", "netInterestIncome": "-97000000", "extraordinaryItems": "-61000000", "nonRecurring": "None", "otherItems": "None", "incomeTaxExpense": "-261000000", "totalOtherIncomeExpense": "394000000", "discontinuedOperations": "None", "netIncomeFromContinuingOperations": "1252000000", "netIncomeApplicableToCommonShares": "730000000", "preferredStockAndOtherAdjustments": "None"}, {"fiscalDateEnding": "2016-12-31", "reportedCurrency": "USD", "totalRevenue": "1677000000", "totalOperatingExpense": "660000000", "costOfRevenue": "313000000", "grossProfit": "1677000000", "ebit": "1017000000", "netIncome": "881000000", "researchAndDevelopment": "0", "effectOfAccountingCharges": "None", "incomeBeforeTax": "1017000000", "minorityInterest": "13000000", "sellingGeneralAdministrative": "143000000", "otherNonOperatingIncome": "None", "operatingIncome": "1017000000", "otherOperatingExpense": "660000000", "interestExpense": "102000000", "taxProvision": "136000000", "interestIncome": "-102000000", "netInterestIncome": "-102000000", "extraordinaryItems": "None", "nonRecurring": "None", "otherItems": "None", "incomeTaxExpense": "-136000000", "totalOtherIncomeExpense": "39000000", "discontinuedOperations": "None", "netIncomeFromContinuingOperations": "1153000000", "netIncomeApplicableToCommonShares": "881000000", "preferredStockAndOtherAdjustments": "None"}, {"fiscalDateEnding": "2015-12-31", "reportedCurrency": "USD", "totalRevenue": "2207000000", "totalOperatingExpense": "776000000", "costOfRevenue": "444000000", "grossProfit": "2207000000", "ebit": "1431000000", "netIncome": "1056000000", "researchAndDevelopment": "0", "effectOfAccountingCharges": "None", "incomeBeforeTax": "1431000000", "minorityInterest": "None", "sellingGeneralAdministrative": "0", "otherNonOperatingIncome": "None", "operatingIncome": "1431000000", "otherOperatingExpense": "776000000", "interestExpense": "-101000000", "taxProvision": "375000000", "interestIncome": "-101000000", "netInterestIncome": "None", "extraordinaryItems": "None", "nonRecurring": "None", "otherItems": "None", "incomeTaxExpense": "-375000000", "totalOtherIncomeExpense": "98000000", "discontinuedOperations": "None", "netIncomeFromContinuingOperations": "1806000000", "netIncomeApplicableToCommonShares": "1056000000", "preferredStockAndOtherAdjustments": "None"}], "quarterlyReports": [{"fiscalDateEnding": "2020-06-30", "reportedCurrency": "USD", "totalRevenue": "372000000", "totalOperatingExpense": "150000000", "costOfRevenue": "None", "grossProfit": "372000000", "ebit": "222000000", "netIncome": "183000000", "researchAndDevelopment": "None", "effectOfAccountingCharges": "None", "incomeBeforeTax": "222000000", "minorityInterest": "5000000", "sellingGeneralAdministrative": "46000000", "otherNonOperatingIncome": "None", "operatingIncome": "222000000", "otherOperatingExpense": "150000000", "interestExpense": "21000000", "taxProvision": "34000000", "interestIncome": "80000000", "netInterestIncome": "-21000000", "extraordinaryItems": "None", "nonRecurring": "None", "otherItems": "None", "incomeTaxExpense": "34000000", "totalOtherIncomeExpense": "40000000", "discontinuedOperations": "None", "netIncomeFromContinuingOperations": "188000000", "netIncomeApplicableToCommonShares": "183000000", "preferredStockAndOtherAdjustments": "None"}, {"fiscalDateEnding": "2020-03-31", "reportedCurrency": "USD", "totalRevenue": "96000000", "totalOperatingExpense": "154000000", "costOfRevenue": "None", "grossProfit": "96000000", "ebit": "-58000000", "netIncome": "-55000000", "researchAndDevelopment": "None", "effectOfAccountingCharges": "None", "incomeBeforeTax": "-62000000", "minorityInterest": "-3000000", "sellingGeneralAdministrative": "64000000", "otherNonOperatingIncome": "None", "operatingIncome": "-58000000", "otherOperatingExpense": "154000000", "interestExpense": "22000000", "taxProvision": "-4000000", "interestIncome": "82000000", "netInterestIncome": "-22000000", "extraordinaryItems": "None", "nonRecurring": "None", "otherItems": "None", "incomeTaxExpense": "-4000000", "totalOtherIncomeExpense": "7000000", "discontinuedOperations": "None", "netIncomeFromContinuingOperations": "-58000000", "netIncomeApplicableToCommonShares": "-55000000", "preferredStockAndOtherAdjustments": "None"}, {"fiscalDateEnding": "2019-12-31", "reportedCurrency": "USD", "totalRevenue": "296000000", "totalOperatingExpense": "-847000000", "costOfRevenue": "23000000", "grossProfit": "296000000", "ebit": "1144000000", "netIncome": "137000000", "researchAndDevelopment": "None", "effectOfAccountingCharges": "None", "incomeBeforeTax": "138000000", "minorityInterest": "-1000000", "sellingGeneralAdministrative": "60000000", "otherNonOperatingIncome": "1000000", "operatingIncome": "1143000000", "otherOperatingExpense": "-847000000", "interestExpense": "22000000", "taxProvision": "2000000", "interestIncome": "-21000000", "netInterestIncome": "-22000000", "extraordinaryItems": "None", "nonRecurring": "None", "otherItems": "None", "incomeTaxExpense": "2000000", "totalOtherIncomeExpense": "-9000000", "discontinuedOperations": "None", "netIncomeFromContinuingOperations": "136000000", "netIncomeApplicableToCommonShares": "137000000", "preferredStockAndOtherAdjustments": "None"}, {"fiscalDateEnding": "2019-09-30", "reportedCurrency": "USD", "totalRevenue": "206000000", "totalOperatingExpense": "120000000", "costOfRevenue": "33000000", "grossProfit": "206000000", "ebit": "86000000", "netIncome": "69000000", "researchAndDevelopment": "None", "effectOfAccountingCharges": "None", "incomeBeforeTax": "86000000", "minorityInterest": "13000000", "sellingGeneralAdministrative": "3000000", "otherNonOperatingIncome": "None", "operatingIncome": "86000000", "otherOperatingExpense": "120000000", "interestExpense": "22000000", "taxProvision": "17000000", "interestIncome": "-22000000", "netInterestIncome": "-22000000", "extraordinaryItems": "None", "nonRecurring": "None", "otherItems": "None", "incomeTaxExpense": "17000000", "totalOtherIncomeExpense": "-9000000", "discontinuedOperations": "None", "netIncomeFromContinuingOperations": "69000000", "netIncomeApplicableToCommonShares": "69000000", "preferredStockAndOtherAdjustments": "None"}, {"fiscalDateEnding": "2019-06-30", "reportedCurrency": "USD", "totalRevenue": "266000000", "totalOperatingExpense": "85000000", "costOfRevenue": "3000000", "grossProfit": "266000000", "ebit": "182000000", "netIncome": "142000000", "researchAndDevelopment": "None", "effectOfAccountingCharges": "None", "incomeBeforeTax": "182000000", "minorityInterest": "13000000", "sellingGeneralAdministrative": "2000000", "otherNonOperatingIncome": "1000000", "operatingIncome": "181000000", "otherOperatingExpense": "85000000", "interestExpense": "22000000", "taxProvision": "40000000", "interestIncome": "-21000000", "netInterestIncome": "-22000000", "extraordinaryItems": "None", "nonRecurring": "None", "otherItems": "None", "incomeTaxExpense": "40000000", "totalOtherIncomeExpense": "25000000", "discontinuedOperations": "None", "netIncomeFromContinuingOperations": "142000000", "netIncomeApplicableToCommonShares": "142000000", "preferredStockAndOtherAdjustments": "None"}, {"fiscalDateEnding": "2019-03-31", "reportedCurrency": "USD", "totalRevenue": "195000000", "totalOperatingExpense": "139000000", "costOfRevenue": "52000000", "grossProfit": "195000000", "ebit": "58000000", "netIncome": "54000000", "researchAndDevelopment": "None", "effectOfAccountingCharges": "None", "incomeBeforeTax": "58000000", "minorityInterest": "13000000", "sellingGeneralAdministrative": "2000000", "otherNonOperatingIncome": "2000000", "operatingIncome": "56000000", "otherOperatingExpense": "139000000", "interestExpense": "23000000", "taxProvision": "4000000", "interestIncome": "-21000000", "netInterestIncome": "-23000000", "extraordinaryItems": "None", "nonRecurring": "None", "otherItems": "None", "incomeTaxExpense": "4000000", "totalOtherIncomeExpense": "8000000", "discontinuedOperations": "None", "netIncomeFromContinuingOperations": "54000000", "netIncomeApplicableToCommonShares": "54000000", "preferredStockAndOtherAdjustments": "None"}, {"fiscalDateEnding": "2018-12-31", "reportedCurrency": "USD", "totalRevenue": "216000000", "totalOperatingExpense": "113000000", "costOfRevenue": "25000000", "grossProfit": "216000000", "ebit": "55000000", "netIncome": "88000000", "researchAndDevelopment": "0", "effectOfAccountingCharges": "0", "incomeBeforeTax": "101000000", "minorityInterest": "0", "sellingGeneralAdministrative": "2000000", "otherNonOperatingIncome": "None", "operatingIncome": "103000000", "otherOperatingExpense": "113000000", "interestExpense": "-23000000", "taxProvision": "None", "interestIncome": "None", "netInterestIncome": "None", "extraordinaryItems": "4000000", "nonRecurring": "0", "otherItems": "0", "incomeTaxExpense": "-77000000", "totalOtherIncomeExpense": "-47000000", "discontinuedOperations": "0", "netIncomeFromContinuingOperations": "178000000", "netIncomeApplicableToCommonShares": "88000000", "preferredStockAndOtherAdjustments": "None"}, {"fiscalDateEnding": "2018-09-30", "reportedCurrency": "USD", "totalRevenue": "274000000", "totalOperatingExpense": "99000000", "costOfRevenue": "20000000", "grossProfit": "274000000", "ebit": "175000000", "netIncome": "161000000", "researchAndDevelopment": "0", "effectOfAccountingCharges": "0", "incomeBeforeTax": "175000000", "minorityInterest": "0", "sellingGeneralAdministrative": "0", "otherNonOperatingIncome": "None", "operatingIncome": "175000000", "otherOperatingExpense": "99000000", "interestExpense": "-23000000", "taxProvision": "None", "interestIncome": "None", "netInterestIncome": "None", "extraordinaryItems": "0", "nonRecurring": "0", "otherItems": "0", "incomeTaxExpense": "-14000000", "totalOtherIncomeExpense": "-40000000", "discontinuedOperations": "0", "netIncomeFromContinuingOperations": "189000000", "netIncomeApplicableToCommonShares": "161000000", "preferredStockAndOtherAdjustments": "None"}, {"fiscalDateEnding": "2018-06-30", "reportedCurrency": "USD", "totalRevenue": "219000000", "totalOperatingExpense": "134000000", "costOfRevenue": "48000000", "grossProfit": "219000000", "ebit": "133000000", "netIncome": "75000000", "researchAndDevelopment": "0", "effectOfAccountingCharges": "0", "incomeBeforeTax": "87000000", "minorityInterest": "0", "sellingGeneralAdministrative": "0", "otherNonOperatingIncome": "48000000", "operatingIncome": "85000000", "otherOperatingExpense": "134000000", "interestExpense": "-24000000", "taxProvision": "None", "interestIncome": "None", "netInterestIncome": "None", "extraordinaryItems": "0", "nonRecurring": "0", "otherItems": "0", "incomeTaxExpense": "12000000", "totalOtherIncomeExpense": "-64000000", "discontinuedOperations": "0", "netIncomeFromContinuingOperations": "75000000", "netIncomeApplicableToCommonShares": "75000000", "preferredStockAndOtherAdjustments": "None"}, {"fiscalDateEnding": "2018-03-31", "reportedCurrency": "USD", "totalRevenue": "293000000", "totalOperatingExpense": "76000000", "costOfRevenue": "-13000000", "grossProfit": "293000000", "ebit": "217000000", "netIncome": "197000000", "researchAndDevelopment": "0", "effectOfAccountingCharges": "0", "incomeBeforeTax": "217000000", "minorityInterest": "0", "sellingGeneralAdministrative": "0", "otherNonOperatingIncome": "None", "operatingIncome": "217000000", "otherOperatingExpense": "76000000", "interestExpense": "-24000000", "taxProvision": "None", "interestIncome": "None", "netInterestIncome": "None", "extraordinaryItems": "0", "nonRecurring": "0", "otherItems": "0", "incomeTaxExpense": "20000000", "totalOtherIncomeExpense": "-11000000", "discontinuedOperations": "0", "netIncomeFromContinuingOperations": "197000000", "netIncomeApplicableToCommonShares": "197000000", "preferredStockAndOtherAdjustments": "None"}, {"fiscalDateEnding": "2017-12-31", "reportedCurrency": "USD", "totalRevenue": "273000000", "totalOperatingExpense": "775000000", "costOfRevenue": "101000000", "grossProfit": "1226000000", "ebit": "-1225000000", "netIncome": "52000000", "researchAndDevelopment": "0", "effectOfAccountingCharges": "0", "incomeBeforeTax": "156000000", "minorityInterest": "0", "sellingGeneralAdministrative": "0", "otherNonOperatingIncome": "None", "operatingIncome": "172000000", "otherOperatingExpense": "-64000000", "interestExpense": "24000000", "taxProvision": "None", "interestIncome": "None", "netInterestIncome": "None", "extraordinaryItems": "0", "nonRecurring": "0", "otherItems": "0", "incomeTaxExpense": "104000000", "totalOtherIncomeExpense": "2000000", "discontinuedOperations": "0", "netIncomeFromContinuingOperations": "-921000000", "netIncomeApplicableToCommonShares": "52000000", "preferredStockAndOtherAdjustments": "None"}, {"fiscalDateEnding": "2017-09-30", "reportedCurrency": "USD", "totalRevenue": "623000000", "totalOperatingExpense": "310000000", "costOfRevenue": "286000000", "grossProfit": "623000000", "ebit": "313000000", "netIncome": "208000000", "researchAndDevelopment": "0", "effectOfAccountingCharges": "0", "incomeBeforeTax": "313000000", "minorityInterest": "0", "sellingGeneralAdministrative": "0", "otherNonOperatingIncome": "None", "operatingIncome": "313000000", "otherOperatingExpense": "310000000", "interestExpense": "24000000", "taxProvision": "None", "interestIncome": "None", "netInterestIncome": "None", "extraordinaryItems": "0", "nonRecurring": "0", "otherItems": "0", "incomeTaxExpense": "-105000000", "totalOtherIncomeExpense": "0", "discontinuedOperations": "0", "netIncomeFromContinuingOperations": "418000000", "netIncomeApplicableToCommonShares": "208000000", "preferredStockAndOtherAdjustments": "None"}, {"fiscalDateEnding": "2017-06-30", "reportedCurrency": "USD", "totalRevenue": "308000000", "totalOperatingExpense": "158000000", "costOfRevenue": "132000000", "grossProfit": "308000000", "ebit": "150000000", "netIncome": "153000000", "researchAndDevelopment": "0", "effectOfAccountingCharges": "0", "incomeBeforeTax": "150000000", "minorityInterest": "0", "sellingGeneralAdministrative": "0", "otherNonOperatingIncome": "None", "operatingIncome": "150000000", "otherOperatingExpense": "158000000", "interestExpense": "25000000", "taxProvision": "None", "interestIncome": "None", "netInterestIncome": "None", "extraordinaryItems": "0", "nonRecurring": "0", "otherItems": "0", "incomeTaxExpense": "3000000", "totalOtherIncomeExpense": "0", "discontinuedOperations": "0", "netIncomeFromContinuingOperations": "147000000", "netIncomeApplicableToCommonShares": "153000000", "preferredStockAndOtherAdjustments": "None"}, {"fiscalDateEnding": "2017-03-31", "reportedCurrency": "USD", "totalRevenue": "527000000", "totalOperatingExpense": "155000000", "costOfRevenue": "125000000", "grossProfit": "527000000", "ebit": "372000000", "netIncome": "317000000", "researchAndDevelopment": "0", "effectOfAccountingCharges": "0", "incomeBeforeTax": "372000000", "minorityInterest": "0", "sellingGeneralAdministrative": "0", "otherNonOperatingIncome": "None", "operatingIncome": "372000000", "otherOperatingExpense": "155000000", "interestExpense": "24000000", "taxProvision": "None", "interestIncome": "None", "netInterestIncome": "None", "extraordinaryItems": "0", "nonRecurring": "0", "otherItems": "0", "incomeTaxExpense": "55000000", "totalOtherIncomeExpense": "0", "discontinuedOperations": "0", "netIncomeFromContinuingOperations": "317000000", "netIncomeApplicableToCommonShares": "317000000", "preferredStockAndOtherAdjustments": "None"}, {"fiscalDateEnding": "2016-12-31", "reportedCurrency": "USD", "totalRevenue": "482000000", "totalOperatingExpense": "1170000000", "costOfRevenue": "174000000", "grossProfit": "1138000000", "ebit": "755000000", "netIncome": "197000000", "researchAndDevelopment": "0", "effectOfAccountingCharges": "0", "incomeBeforeTax": "271000000", "minorityInterest": "0", "sellingGeneralAdministrative": "0", "otherNonOperatingIncome": "None", "operatingIncome": "308000000", "otherOperatingExpense": "56000000", "interestExpense": "25000000", "taxProvision": "None", "interestIncome": "None", "netInterestIncome": "None", "extraordinaryItems": "0", "nonRecurring": "0", "otherItems": "0", "incomeTaxExpense": "74000000", "totalOtherIncomeExpense": "116000000", "discontinuedOperations": "0", "netIncomeFromContinuingOperations": "632000000", "netIncomeApplicableToCommonShares": "197000000", "preferredStockAndOtherAdjustments": "None"}, {"fiscalDateEnding": "2016-09-30", "reportedCurrency": "USD", "totalRevenue": "566000000", "totalOperatingExpense": "86000000", "costOfRevenue": "56000000", "grossProfit": "566000000", "ebit": "480000000", "netIncome": "479000000", "researchAndDevelopment": "0", "effectOfAccountingCharges": "0", "incomeBeforeTax": "480000000", "minorityInterest": "0", "sellingGeneralAdministrative": "0", "otherNonOperatingIncome": "None", "operatingIncome": "480000000", "otherOperatingExpense": "86000000", "interestExpense": "26000000", "taxProvision": "None", "interestIncome": "None", "netInterestIncome": "None", "extraordinaryItems": "0", "nonRecurring": "0", "otherItems": "0", "incomeTaxExpense": "1000000", "totalOtherIncomeExpense": "0", "discontinuedOperations": "0", "netIncomeFromContinuingOperations": "479000000", "netIncomeApplicableToCommonShares": "479000000", "preferredStockAndOtherAdjustments": "None"}, {"fiscalDateEnding": "2016-06-30", "reportedCurrency": "USD", "totalRevenue": "396000000", "totalOperatingExpense": "195000000", "costOfRevenue": "168000000", "grossProfit": "396000000", "ebit": "201000000", "netIncome": "146000000", "researchAndDevelopment": "0", "effectOfAccountingCharges": "0", "incomeBeforeTax": "201000000", "minorityInterest": "0", "sellingGeneralAdministrative": "0", "otherNonOperatingIncome": "None", "operatingIncome": "201000000", "otherOperatingExpense": "195000000", "interestExpense": "25000000", "taxProvision": "None", "interestIncome": "None", "netInterestIncome": "None", "extraordinaryItems": "0", "nonRecurring": "0", "otherItems": "0", "incomeTaxExpense": "-55000000", "totalOtherIncomeExpense": "0", "discontinuedOperations": "0", "netIncomeFromContinuingOperations": "256000000", "netIncomeApplicableToCommonShares": "146000000", "preferredStockAndOtherAdjustments": "None"}, {"fiscalDateEnding": "2016-03-31", "reportedCurrency": "USD", "totalRevenue": "245000000", "totalOperatingExpense": "180000000", "costOfRevenue": "154000000", "grossProfit": "245000000", "ebit": "65000000", "netIncome": "59000000", "researchAndDevelopment": "0", "effectOfAccountingCharges": "0", "incomeBeforeTax": "65000000", "minorityInterest": "0", "sellingGeneralAdministrative": "0", "otherNonOperatingIncome": "None", "operatingIncome": "65000000", "otherOperatingExpense": "180000000", "interestExpense": "26000000", "taxProvision": "None", "interestIncome": "None", "netInterestIncome": "None", "extraordinaryItems": "0", "nonRecurring": "0", "otherItems": "0", "incomeTaxExpense": "-6000000", "totalOtherIncomeExpense": "0", "discontinuedOperations": "0", "netIncomeFromContinuingOperations": "71000000", "netIncomeApplicableToCommonShares": "59000000", "preferredStockAndOtherAdjustments": "None"}, {"fiscalDateEnding": "2015-12-31", "reportedCurrency": "USD", "totalRevenue": "780000000", "totalOperatingExpense": "675000000", "costOfRevenue": "166000000", "grossProfit": "1564000000", "ebit": "1333000000", "netIncome": "429000000", "researchAndDevelopment": "0", "effectOfAccountingCharges": "0", "incomeBeforeTax": "584000000", "minorityInterest": "0", "sellingGeneralAdministrative": "0", "otherNonOperatingIncome": "None", "operatingIncome": "614000000", "otherOperatingExpense": "231000000", "interestExpense": "25000000", "taxProvision": "None", "interestIncome": "None", "netInterestIncome": "None", "extraordinaryItems": "0", "nonRecurring": "0", "otherItems": "0", "incomeTaxExpense": "155000000", "totalOtherIncomeExpense": "98000000", "discontinuedOperations": "0", "netIncomeFromContinuingOperations": "1056000000", "netIncomeApplicableToCommonShares": "429000000", "preferredStockAndOtherAdjustments": "None"}, {"fiscalDateEnding": "2015-09-30", "reportedCurrency": "USD", "totalRevenue": "368000000", "totalOperatingExpense": "196000000", "costOfRevenue": "171000000", "grossProfit": "368000000", "ebit": "172000000", "netIncome": "129000000", "researchAndDevelopment": "0", "effectOfAccountingCharges": "0", "incomeBeforeTax": "172000000", "minorityInterest": "0", "sellingGeneralAdministrative": "0", "otherNonOperatingIncome": "None", "operatingIncome": "172000000", "otherOperatingExpense": "196000000", "interestExpense": "25000000", "taxProvision": "None", "interestIncome": "None", "netInterestIncome": "None", "extraordinaryItems": "0", "nonRecurring": "0", "otherItems": "0", "incomeTaxExpense": "-43000000", "totalOtherIncomeExpense": "0", "discontinuedOperations": "0", "netIncomeFromContinuingOperations": "215000000", "netIncomeApplicableToCommonShares": "129000000", "preferredStockAndOtherAdjustments": "None"}, {"fiscalDateEnding": "2015-06-30", "reportedCurrency": "USD", "totalRevenue": "695000000", "totalOperatingExpense": "286000000", "costOfRevenue": "248000000", "grossProfit": "695000000", "ebit": "409000000", "netIncome": "297000000", "researchAndDevelopment": "0", "effectOfAccountingCharges": "0", "incomeBeforeTax": "409000000", "minorityInterest": "0", "sellingGeneralAdministrative": "0", "otherNonOperatingIncome": "None", "operatingIncome": "409000000", "otherOperatingExpense": "286000000", "interestExpense": "26000000", "taxProvision": "None", "interestIncome": "None", "netInterestIncome": "None", "extraordinaryItems": "0", "nonRecurring": "0", "otherItems": "0", "incomeTaxExpense": "-112000000", "totalOtherIncomeExpense": "0", "discontinuedOperations": "0", "netIncomeFromContinuingOperations": "521000000", "netIncomeApplicableToCommonShares": "297000000", "preferredStockAndOtherAdjustments": "None"}]}