{"symbol": "AGR", "annualReports": [{"fiscalDateEnding": "2019-12-31", "reportedCurrency": "USD", "totalRevenue": "6338000000", "totalOperatingExpense": "5335000000", "costOfRevenue": "3810000000", "grossProfit": "2528000000", "ebit": "2123000000", "netIncome": "700000000", "researchAndDevelopment": "None", "effectOfAccountingCharges": "None", "incomeBeforeTax": "819000000", "minorityInterest": "349000000", "sellingGeneralAdministrative": "3000000", "otherNonOperatingIncome": "None", "operatingIncome": "1003000000", "otherOperatingExpense": "591000000", "interestExpense": "306000000", "taxProvision": "143000000", "interestIncome": "-303000000", "netInterestIncome": "-306000000", "extraordinaryItems": "None", "nonRecurring": "None", "otherItems": "None", "incomeTaxExpense": "143000000", "totalOtherIncomeExpense": "122000000", "discontinuedOperations": "None", "netIncomeFromContinuingOperations": "676000000", "netIncomeApplicableToCommonShares": "700000000", "preferredStockAndOtherAdjustments": "None"}, {"fiscalDateEnding": "2018-12-31", "reportedCurrency": "USD", "totalRevenue": "6478000000", "totalOperatingExpense": "5335000000", "costOfRevenue": "3901000000", "grossProfit": "2577000000", "ebit": "1990000000", "netIncome": "595000000", "researchAndDevelopment": "0", "effectOfAccountingCharges": "None", "incomeBeforeTax": "768000000", "minorityInterest": "299000000", "sellingGeneralAdministrative": "2000000", "otherNonOperatingIncome": "None", "operatingIncome": "1143000000", "otherOperatingExpense": "579000000", "interestExpense": "303000000", "taxProvision": "170000000", "interestIncome": "-293000000", "netInterestIncome": "-303000000", "extraordinaryItems": "-46000000", "nonRecurring": "None", "otherItems": "None", "incomeTaxExpense": "170000000", "totalOtherIncomeExpense": "-72000000", "discontinuedOperations": "None", "netIncomeFromContinuingOperations": "598000000", "netIncomeApplicableToCommonShares": "595000000", "preferredStockAndOtherAdjustments": "None"}, {"fiscalDateEnding": "2017-12-31", "reportedCurrency": "USD", "totalRevenue": "5963000000", "totalOperatingExpense": "4936000000", "costOfRevenue": "3549000000", "grossProfit": "2414000000", "ebit": "1274000000", "netIncome": "381000000", "researchAndDevelopment": "0", "effectOfAccountingCharges": "None", "incomeBeforeTax": "123000000", "minorityInterest": "19000000", "sellingGeneralAdministrative": "1200000", "otherNonOperatingIncome": "None", "operatingIncome": "1027000000", "otherOperatingExpense": "563000000", "interestExpense": "280000000", "taxProvision": "-259000000", "interestIncome": "-320000000", "netInterestIncome": "-280000000", "extraordinaryItems": "328000000", "nonRecurring": "642000000", "otherItems": "None", "incomeTaxExpense": "-259000000", "totalOtherIncomeExpense": "-624000000", "discontinuedOperations": "None", "netIncomeFromContinuingOperations": "382000000", "netIncomeApplicableToCommonShares": "381000000", "preferredStockAndOtherAdjustments": "None"}, {"fiscalDateEnding": "2016-12-31", "reportedCurrency": "USD", "totalRevenue": "6018000000", "totalOperatingExpense": "4824000000", "costOfRevenue": "3492000000", "grossProfit": "2526000000", "ebit": "2130000000", "netIncome": "630000000", "researchAndDevelopment": "0", "effectOfAccountingCharges": "None", "incomeBeforeTax": "1009000000", "minorityInterest": "13000000", "sellingGeneralAdministrative": "600000", "otherNonOperatingIncome": "None", "operatingIncome": "1194000000", "otherOperatingExpense": "528000000", "interestExpense": "268000000", "taxProvision": "379000000", "interestIncome": "-261000000", "netInterestIncome": "-268000000", "extraordinaryItems": "None", "nonRecurring": "642000000", "otherItems": "None", "incomeTaxExpense": "377000000", "totalOtherIncomeExpense": "83000000", "discontinuedOperations": "None", "netIncomeFromContinuingOperations": "630000000", "netIncomeApplicableToCommonShares": "632000000", "preferredStockAndOtherAdjustments": "None"}, {"fiscalDateEnding": "2015-12-31", "reportedCurrency": "USD", "totalRevenue": "4369000000", "totalOperatingExpense": "3842000000", "costOfRevenue": "972000000", "grossProfit": "1587000000", "ebit": "525000000", "netIncome": "273000000", "researchAndDevelopment": "0", "effectOfAccountingCharges": "None", "incomeBeforeTax": "302000000", "minorityInterest": "13000000", "sellingGeneralAdministrative": "120000000", "otherNonOperatingIncome": "None", "operatingIncome": "513000000", "otherOperatingExpense": "367000000", "interestExpense": "-267000000", "taxProvision": "29000000", "interestIncome": "-267000000", "netInterestIncome": "None", "extraordinaryItems": "None", "nonRecurring": "12000000", "otherItems": "None", "incomeTaxExpense": "29000000", "totalOtherIncomeExpense": "-223000000", "discontinuedOperations": "None", "netIncomeFromContinuingOperations": "273000000", "netIncomeApplicableToCommonShares": "273000000", "preferredStockAndOtherAdjustments": "None"}], "quarterlyReports": [{"fiscalDateEnding": "2020-06-30", "reportedCurrency": "USD", "totalRevenue": "1392000000", "totalOperatingExpense": "1237000000", "costOfRevenue": "849000000", "grossProfit": "543000000", "ebit": "422000000", "netIncome": "88000000", "researchAndDevelopment": "None", "effectOfAccountingCharges": "None", "incomeBeforeTax": "70000000", "minorityInterest": "638000000", "sellingGeneralAdministrative": "None", "otherNonOperatingIncome": "None", "operatingIncome": "155000000", "otherOperatingExpense": "146000000", "interestExpense": "89000000", "taxProvision": "-6000000", "interestIncome": "-87000000", "netInterestIncome": "-89000000", "extraordinaryItems": "None", "nonRecurring": "None", "otherItems": "None", "incomeTaxExpense": "-6000000", "totalOtherIncomeExpense": "4000000", "discontinuedOperations": "None", "netIncomeFromContinuingOperations": "76000000", "netIncomeApplicableToCommonShares": "88000000", "preferredStockAndOtherAdjustments": "None"}, {"fiscalDateEnding": "2020-03-31", "reportedCurrency": "USD", "totalRevenue": "1789000000", "totalOperatingExpense": "1462000000", "costOfRevenue": "1045000000", "grossProfit": "744000000", "ebit": "587000000", "netIncome": "240000000", "researchAndDevelopment": "None", "effectOfAccountingCharges": "None", "incomeBeforeTax": "242000000", "minorityInterest": "582000000", "sellingGeneralAdministrative": "7000000", "otherNonOperatingIncome": "None", "operatingIncome": "327000000", "otherOperatingExpense": "166000000", "interestExpense": "76000000", "taxProvision": "12000000", "interestIncome": "-82000000", "netInterestIncome": "-76000000", "extraordinaryItems": "None", "nonRecurring": "None", "otherItems": "None", "incomeTaxExpense": "12000000", "totalOtherIncomeExpense": "-9000000", "discontinuedOperations": "None", "netIncomeFromContinuingOperations": "230000000", "netIncomeApplicableToCommonShares": "240000000", "preferredStockAndOtherAdjustments": "None"}, {"fiscalDateEnding": "2019-12-31", "reportedCurrency": "USD", "totalRevenue": "1609000000", "totalOperatingExpense": "1393000000", "costOfRevenue": "995000000", "grossProfit": "614000000", "ebit": "602000000", "netIncome": "223000000", "researchAndDevelopment": "None", "effectOfAccountingCharges": "None", "incomeBeforeTax": "256000000", "minorityInterest": "349000000", "sellingGeneralAdministrative": "1000000", "otherNonOperatingIncome": "None", "operatingIncome": "216000000", "otherOperatingExpense": "145000000", "interestExpense": "80000000", "taxProvision": "40000000", "interestIncome": "-78000000", "netInterestIncome": "-80000000", "extraordinaryItems": "None", "nonRecurring": "None", "otherItems": "None", "incomeTaxExpense": "40000000", "totalOtherIncomeExpense": "120000000", "discontinuedOperations": "None", "netIncomeFromContinuingOperations": "216000000", "netIncomeApplicableToCommonShares": "223000000", "preferredStockAndOtherAdjustments": "None"}, {"fiscalDateEnding": "2019-09-30", "reportedCurrency": "USD", "totalRevenue": "1487000000", "totalOperatingExpense": "1248000000", "costOfRevenue": "867000000", "grossProfit": "620000000", "ebit": "500000000", "netIncome": "150000000", "researchAndDevelopment": "None", "effectOfAccountingCharges": "None", "incomeBeforeTax": "172000000", "minorityInterest": "368000000", "sellingGeneralAdministrative": "13000000", "otherNonOperatingIncome": "None", "operatingIncome": "239000000", "otherOperatingExpense": "144000000", "interestExpense": "72000000", "taxProvision": "33000000", "interestIncome": "-73000000", "netInterestIncome": "-72000000", "extraordinaryItems": "None", "nonRecurring": "None", "otherItems": "None", "incomeTaxExpense": "33000000", "totalOtherIncomeExpense": "5000000", "discontinuedOperations": "None", "netIncomeFromContinuingOperations": "139000000", "netIncomeApplicableToCommonShares": "150000000", "preferredStockAndOtherAdjustments": "None"}, {"fiscalDateEnding": "2019-06-30", "reportedCurrency": "USD", "totalRevenue": "1400000000", "totalOperatingExpense": "1193000000", "costOfRevenue": "832000000", "grossProfit": "568000000", "ebit": "450000000", "netIncome": "110000000", "researchAndDevelopment": "None", "effectOfAccountingCharges": "None", "incomeBeforeTax": "134000000", "minorityInterest": "414000000", "sellingGeneralAdministrative": "1000000", "otherNonOperatingIncome": "None", "operatingIncome": "207000000", "otherOperatingExpense": "139000000", "interestExpense": "76000000", "taxProvision": "29000000", "interestIncome": "-75000000", "netInterestIncome": "-76000000", "extraordinaryItems": "None", "nonRecurring": "None", "otherItems": "None", "incomeTaxExpense": "29000000", "totalOtherIncomeExpense": "3000000", "discontinuedOperations": "None", "netIncomeFromContinuingOperations": "105000000", "netIncomeApplicableToCommonShares": "110000000", "preferredStockAndOtherAdjustments": "None"}, {"fiscalDateEnding": "2019-03-31", "reportedCurrency": "USD", "totalRevenue": "1842000000", "totalOperatingExpense": "1501000000", "costOfRevenue": "1116000000", "grossProfit": "726000000", "ebit": "571000000", "netIncome": "217000000", "researchAndDevelopment": "None", "effectOfAccountingCharges": "None", "incomeBeforeTax": "257000000", "minorityInterest": "298000000", "sellingGeneralAdministrative": "15000000", "otherNonOperatingIncome": "None", "operatingIncome": "341000000", "otherOperatingExpense": "163000000", "interestExpense": "78000000", "taxProvision": "41000000", "interestIncome": "None", "netInterestIncome": "-78000000", "extraordinaryItems": "None", "nonRecurring": "None", "otherItems": "None", "incomeTaxExpense": "41000000", "totalOtherIncomeExpense": "-6000000", "discontinuedOperations": "None", "netIncomeFromContinuingOperations": "216000000", "netIncomeApplicableToCommonShares": "217000000", "preferredStockAndOtherAdjustments": "None"}, {"fiscalDateEnding": "2018-12-31", "reportedCurrency": "USD", "totalRevenue": "1665000000", "totalOperatingExpense": "1474900000", "costOfRevenue": "1068900000", "grossProfit": "596100000", "ebit": "190100000", "netIncome": "119000000", "researchAndDevelopment": "0", "effectOfAccountingCharges": "0", "incomeBeforeTax": "158000000", "minorityInterest": "299000000", "sellingGeneralAdministrative": "63000000", "otherNonOperatingIncome": "None", "operatingIncome": "190100000", "otherOperatingExpense": "135000000", "interestExpense": "-84000000", "taxProvision": "None", "interestIncome": "None", "netInterestIncome": "None", "extraordinaryItems": "-39000000", "nonRecurring": "0", "otherItems": "0", "incomeTaxExpense": "42000000", "totalOtherIncomeExpense": "-32100000", "discontinuedOperations": "0", "netIncomeFromContinuingOperations": "116000000", "netIncomeApplicableToCommonShares": "119000000", "preferredStockAndOtherAdjustments": "None"}, {"fiscalDateEnding": "2018-09-30", "reportedCurrency": "USD", "totalRevenue": "1546000000", "totalOperatingExpense": "1312100000", "costOfRevenue": "915100000", "grossProfit": "630900000", "ebit": "233900000", "netIncome": "125000000", "researchAndDevelopment": "0", "effectOfAccountingCharges": "0", "incomeBeforeTax": "163000000", "minorityInterest": "327000000", "sellingGeneralAdministrative": "21000000", "otherNonOperatingIncome": "None", "operatingIncome": "233900000", "otherOperatingExpense": "150000000", "interestExpense": "-75000000", "taxProvision": "None", "interestIncome": "None", "netInterestIncome": "None", "extraordinaryItems": "0", "nonRecurring": "0", "otherItems": "0", "incomeTaxExpense": "29000000", "totalOtherIncomeExpense": "-70900000", "discontinuedOperations": "0", "netIncomeFromContinuingOperations": "134000000", "netIncomeApplicableToCommonShares": "125000000", "preferredStockAndOtherAdjustments": "None"}, {"fiscalDateEnding": "2018-06-30", "reportedCurrency": "USD", "totalRevenue": "1402000000", "totalOperatingExpense": "1170000000", "costOfRevenue": "812000000", "grossProfit": "590000000", "ebit": "232000000", "netIncome": "107000000", "researchAndDevelopment": "0", "effectOfAccountingCharges": "0", "incomeBeforeTax": "137000000", "minorityInterest": "333000000", "sellingGeneralAdministrative": "21000000", "otherNonOperatingIncome": "None", "operatingIncome": "232000000", "otherOperatingExpense": "143000000", "interestExpense": "-70000000", "taxProvision": "None", "interestIncome": "None", "netInterestIncome": "None", "extraordinaryItems": "0", "nonRecurring": "0", "otherItems": "0", "incomeTaxExpense": "27000000", "totalOtherIncomeExpense": "-95000000", "discontinuedOperations": "0", "netIncomeFromContinuingOperations": "110000000", "netIncomeApplicableToCommonShares": "107000000", "preferredStockAndOtherAdjustments": "None"}, {"fiscalDateEnding": "2018-03-31", "reportedCurrency": "USD", "totalRevenue": "1865000000", "totalOperatingExpense": "1455800000", "costOfRevenue": "1249800000", "grossProfit": "763200000", "ebit": "409200000", "netIncome": "244000000", "researchAndDevelopment": "0", "effectOfAccountingCharges": "0", "incomeBeforeTax": "310000000", "minorityInterest": "148000000", "sellingGeneralAdministrative": "21000000", "otherNonOperatingIncome": "None", "operatingIncome": "409200000", "otherOperatingExpense": "151000000", "interestExpense": "74000000", "taxProvision": "None", "interestIncome": "None", "netInterestIncome": "None", "extraordinaryItems": "0", "nonRecurring": "0", "otherItems": "0", "incomeTaxExpense": "72000000", "totalOtherIncomeExpense": "-99200000", "discontinuedOperations": "0", "netIncomeFromContinuingOperations": "238000000", "netIncomeApplicableToCommonShares": "244000000", "preferredStockAndOtherAdjustments": "None"}, {"fiscalDateEnding": "2017-12-31", "reportedCurrency": "USD", "totalRevenue": "1533000000", "totalOperatingExpense": "3766200000", "costOfRevenue": "1080900000", "grossProfit": "2553200000", "ebit": "312800000", "netIncome": "282000000", "researchAndDevelopment": "0", "effectOfAccountingCharges": "0", "incomeBeforeTax": "-9000000", "minorityInterest": "18000000", "sellingGeneralAdministrative": "120000000", "otherNonOperatingIncome": "None", "operatingIncome": "234800000", "otherOperatingExpense": "453000000", "interestExpense": "70000000", "taxProvision": "None", "interestIncome": "None", "netInterestIncome": "None", "extraordinaryItems": "0", "nonRecurring": "0", "otherItems": "0", "incomeTaxExpense": "-291000000", "totalOtherIncomeExpense": "-924400000", "discontinuedOperations": "0", "netIncomeFromContinuingOperations": "-78000000", "netIncomeApplicableToCommonShares": "282000000", "preferredStockAndOtherAdjustments": "None"}, {"fiscalDateEnding": "2017-09-30", "reportedCurrency": "USD", "totalRevenue": "1341000000", "totalOperatingExpense": "1149400000", "costOfRevenue": "912900000", "grossProfit": "0", "ebit": "1741600000", "netIncome": "99000000", "researchAndDevelopment": "0", "effectOfAccountingCharges": "0", "incomeBeforeTax": "132000000", "minorityInterest": "1000000", "sellingGeneralAdministrative": "0", "otherNonOperatingIncome": "None", "operatingIncome": "220600000", "otherOperatingExpense": "495000000", "interestExpense": "71000000", "taxProvision": "None", "interestIncome": "None", "netInterestIncome": "None", "extraordinaryItems": "0", "nonRecurring": "1926000000", "otherItems": "0", "incomeTaxExpense": "32000000", "totalOtherIncomeExpense": "0", "discontinuedOperations": "0", "netIncomeFromContinuingOperations": "1062000000", "netIncomeApplicableToCommonShares": "99000000", "preferredStockAndOtherAdjustments": "None"}, {"fiscalDateEnding": "2017-06-30", "reportedCurrency": "USD", "totalRevenue": "1331000000", "totalOperatingExpense": "0", "costOfRevenue": "871000000", "grossProfit": "0", "ebit": "-1420000000", "netIncome": "120000000", "researchAndDevelopment": "0", "effectOfAccountingCharges": "0", "incomeBeforeTax": "164000000", "minorityInterest": "-38000000", "sellingGeneralAdministrative": "0", "otherNonOperatingIncome": "None", "operatingIncome": "252000000", "otherOperatingExpense": "-582000000", "interestExpense": "68000000", "taxProvision": "None", "interestIncome": "None", "netInterestIncome": "None", "extraordinaryItems": "0", "nonRecurring": "-1926000000", "otherItems": "0", "incomeTaxExpense": "44000000", "totalOtherIncomeExpense": "0", "discontinuedOperations": "0", "netIncomeFromContinuingOperations": "-843000000", "netIncomeApplicableToCommonShares": "120000000", "preferredStockAndOtherAdjustments": "None"}, {"fiscalDateEnding": "2017-03-31", "reportedCurrency": "USD", "totalRevenue": "1758000000", "totalOperatingExpense": "0", "costOfRevenue": "1131000000", "grossProfit": "0", "ebit": "413000000", "netIncome": "239000000", "researchAndDevelopment": "0", "effectOfAccountingCharges": "0", "incomeBeforeTax": "342000000", "minorityInterest": "13000000", "sellingGeneralAdministrative": "0", "otherNonOperatingIncome": "None", "operatingIncome": "427000000", "otherOperatingExpense": "197000000", "interestExpense": "71000000", "taxProvision": "None", "interestIncome": "None", "netInterestIncome": "None", "extraordinaryItems": "0", "nonRecurring": "642000000", "otherItems": "0", "incomeTaxExpense": "103000000", "totalOtherIncomeExpense": "0", "discontinuedOperations": "0", "netIncomeFromContinuingOperations": "241000000", "netIncomeApplicableToCommonShares": "239000000", "preferredStockAndOtherAdjustments": "None"}, {"fiscalDateEnding": "2016-12-31", "reportedCurrency": "USD", "totalRevenue": "1491000000", "totalOperatingExpense": "4824000000", "costOfRevenue": "999000000", "grossProfit": "2526000000", "ebit": "1998000000", "netIncome": "207000000", "researchAndDevelopment": "0", "effectOfAccountingCharges": "0", "incomeBeforeTax": "257000000", "minorityInterest": "39000000", "sellingGeneralAdministrative": "120000000", "otherNonOperatingIncome": "None", "operatingIncome": "306000000", "otherOperatingExpense": "964000000", "interestExpense": "56000000", "taxProvision": "None", "interestIncome": "None", "netInterestIncome": "None", "extraordinaryItems": "0", "nonRecurring": "642000000", "otherItems": "0", "incomeTaxExpense": "50000000", "totalOtherIncomeExpense": "-185000000", "discontinuedOperations": "0", "netIncomeFromContinuingOperations": "827000000", "netIncomeApplicableToCommonShares": "207000000", "preferredStockAndOtherAdjustments": "None"}, {"fiscalDateEnding": "2016-09-30", "reportedCurrency": "USD", "totalRevenue": "1418000000", "totalOperatingExpense": "0", "costOfRevenue": "995000000", "grossProfit": "0", "ebit": "-1146000000", "netIncome": "109000000", "researchAndDevelopment": "0", "effectOfAccountingCharges": "0", "incomeBeforeTax": "162000000", "minorityInterest": "-39000000", "sellingGeneralAdministrative": "0", "otherNonOperatingIncome": "None", "operatingIncome": "217000000", "otherOperatingExpense": "-649000000", "interestExpense": "60000000", "taxProvision": "None", "interestIncome": "None", "netInterestIncome": "None", "extraordinaryItems": "0", "nonRecurring": "0", "otherItems": "0", "incomeTaxExpense": "53000000", "totalOtherIncomeExpense": "0", "discontinuedOperations": "0", "netIncomeFromContinuingOperations": "-297000000", "netIncomeApplicableToCommonShares": "109000000", "preferredStockAndOtherAdjustments": "None"}, {"fiscalDateEnding": "2016-06-30", "reportedCurrency": "USD", "totalRevenue": "1439000000", "totalOperatingExpense": "0", "costOfRevenue": "903000000", "grossProfit": "0", "ebit": "342000000", "netIncome": "102000000", "researchAndDevelopment": "0", "effectOfAccountingCharges": "0", "incomeBeforeTax": "274000000", "minorityInterest": "13000000", "sellingGeneralAdministrative": "0", "otherNonOperatingIncome": "None", "operatingIncome": "322000000", "otherOperatingExpense": "213000000", "interestExpense": "68000000", "taxProvision": "None", "interestIncome": "None", "netInterestIncome": "None", "extraordinaryItems": "0", "nonRecurring": "0", "otherItems": "0", "incomeTaxExpense": "172000000", "totalOtherIncomeExpense": "0", "discontinuedOperations": "0", "netIncomeFromContinuingOperations": "102000000", "netIncomeApplicableToCommonShares": "102000000", "preferredStockAndOtherAdjustments": "None"}, {"fiscalDateEnding": "2016-03-31", "reportedCurrency": "USD", "totalRevenue": "1670000000", "totalOperatingExpense": "0", "costOfRevenue": "1113000000", "grossProfit": "0", "ebit": "0", "netIncome": "212000000", "researchAndDevelopment": "0", "effectOfAccountingCharges": "0", "incomeBeforeTax": "316000000", "minorityInterest": "0", "sellingGeneralAdministrative": "0", "otherNonOperatingIncome": "None", "operatingIncome": "349000000", "otherOperatingExpense": "0", "interestExpense": "84000000", "taxProvision": "None", "interestIncome": "None", "netInterestIncome": "None", "extraordinaryItems": "0", "nonRecurring": "0", "otherItems": "0", "incomeTaxExpense": "104000000", "totalOtherIncomeExpense": "0", "discontinuedOperations": "0", "netIncomeFromContinuingOperations": "0", "netIncomeApplicableToCommonShares": "212000000", "preferredStockAndOtherAdjustments": "None"}, {"fiscalDateEnding": "2015-12-31", "reportedCurrency": "USD", "totalRevenue": "1153000000", "totalOperatingExpense": "3842000000", "costOfRevenue": "896500000", "grossProfit": "1587000000", "ebit": "525000000", "netIncome": "96000000", "researchAndDevelopment": "0", "effectOfAccountingCharges": "0", "incomeBeforeTax": "27000000", "minorityInterest": "13000000", "sellingGeneralAdministrative": "120000000", "otherNonOperatingIncome": "None", "operatingIncome": "78500000", "otherOperatingExpense": "367000000", "interestExpense": "76000000", "taxProvision": "None", "interestIncome": "None", "netInterestIncome": "None", "extraordinaryItems": "0", "nonRecurring": "12000000", "otherItems": "0", "incomeTaxExpense": "-27000000", "totalOtherIncomeExpense": "-223000000", "discontinuedOperations": "0", "netIncomeFromContinuingOperations": "273000000", "netIncomeApplicableToCommonShares": "96000000", "preferredStockAndOtherAdjustments": "None"}, {"fiscalDateEnding": "2015-09-30", "reportedCurrency": "USD", "totalRevenue": "1048000000", "totalOperatingExpense": "0", "costOfRevenue": "713000000", "grossProfit": "0", "ebit": "0", "netIncome": "54000000", "researchAndDevelopment": "0", "effectOfAccountingCharges": "0", "incomeBeforeTax": "110000000", "minorityInterest": "0", "sellingGeneralAdministrative": "0", "otherNonOperatingIncome": "None", "operatingIncome": "173000000", "otherOperatingExpense": "0", "interestExpense": "64000000", "taxProvision": "None", "interestIncome": "None", "netInterestIncome": "None", "extraordinaryItems": "0", "nonRecurring": "0", "otherItems": "0", "incomeTaxExpense": "56000000", "totalOtherIncomeExpense": "0", "discontinuedOperations": "0", "netIncomeFromContinuingOperations": "0", "netIncomeApplicableToCommonShares": "54000000", "preferredStockAndOtherAdjustments": "None"}, {"fiscalDateEnding": "2015-06-30", "reportedCurrency": "USD", "totalRevenue": "939000000", "totalOperatingExpense": "0", "costOfRevenue": "646000000", "grossProfit": "0", "ebit": "0", "netIncome": "11000000", "researchAndDevelopment": "0", "effectOfAccountingCharges": "0", "incomeBeforeTax": "16000000", "minorityInterest": "0", "sellingGeneralAdministrative": "0", "otherNonOperatingIncome": "None", "operatingIncome": "103000000", "otherOperatingExpense": "0", "interestExpense": "66000000", "taxProvision": "None", "interestIncome": "None", "netInterestIncome": "None", "extraordinaryItems": "0", "nonRecurring": "0", "otherItems": "0", "incomeTaxExpense": "5000000", "totalOtherIncomeExpense": "0", "discontinuedOperations": "0", "netIncomeFromContinuingOperations": "0", "netIncomeApplicableToCommonShares": "11000000", "preferredStockAndOtherAdjustments": "None"}]}