{"symbol": "AGRO", "annualReports": [{"fiscalDateEnding": "2019-12-31", "reportedCurrency": "USD", "totalRevenue": "887138000", "totalOperatingExpense": "770201000", "costOfRevenue": "601577000", "grossProfit": "285561000", "ebit": "310427000", "netIncome": "-772000", "researchAndDevelopment": "None", "effectOfAccountingCharges": "None", "incomeBeforeTax": "21162000", "minorityInterest": "40614000", "sellingGeneralAdministrative": "93546000", "otherNonOperatingIncome": "None", "operatingIncome": "116937000", "otherOperatingExpense": "56497000", "interestExpense": "69658000", "taxProvision": "20820000", "interestIncome": "7319000", "netInterestIncome": "27006000", "extraordinaryItems": "None", "nonRecurring": "None", "otherItems": "None", "incomeTaxExpense": "20820000", "totalOtherIncomeExpense": "-122781000", "discontinuedOperations": "None", "netIncomeFromContinuingOperations": "342000", "netIncomeApplicableToCommonShares": "-772000", "preferredStockAndOtherAdjustments": "None"}, {"fiscalDateEnding": "2018-12-31", "reportedCurrency": "USD", "totalRevenue": "793239000", "totalOperatingExpense": "744113000", "costOfRevenue": "594679000", "grossProfit": "198560000", "ebit": "181574000", "netIncome": "-24622000", "researchAndDevelopment": "None", "effectOfAccountingCharges": "None", "incomeBeforeTax": "-24257000", "minorityInterest": "44509000", "sellingGeneralAdministrative": "146295000", "otherNonOperatingIncome": "None", "operatingIncome": "49126000", "otherOperatingExpense": "-9386000", "interestExpense": "51577000", "taxProvision": "-1024000", "interestIncome": "7915000", "netInterestIncome": "35294000", "extraordinaryItems": "None", "nonRecurring": "None", "otherItems": "None", "incomeTaxExpense": "-1024000", "totalOtherIncomeExpense": "-108677000", "discontinuedOperations": "None", "netIncomeFromContinuingOperations": "-23233000", "netIncomeApplicableToCommonShares": "-24622000", "preferredStockAndOtherAdjustments": "None"}, {"fiscalDateEnding": "2017-12-31", "reportedCurrency": "USD", "totalRevenue": "933178000", "totalOperatingExpense": "851453000", "costOfRevenue": "694655000", "grossProfit": "238523000", "ebit": "208996000", "netIncome": "9972000", "researchAndDevelopment": "None", "effectOfAccountingCharges": "None", "incomeBeforeTax": "5681000", "minorityInterest": "9139000", "sellingGeneralAdministrative": "152698000", "otherNonOperatingIncome": "None", "operatingIncome": "81725000", "otherOperatingExpense": "-718000", "interestExpense": "52308000", "taxProvision": "-6068000", "interestIncome": "11230000", "netInterestIncome": "-54271000", "extraordinaryItems": "None", "nonRecurring": "None", "otherItems": "None", "incomeTaxExpense": "-4992000", "totalOtherIncomeExpense": "-21773000", "discontinuedOperations": "None", "netIncomeFromContinuingOperations": "11749000", "netIncomeApplicableToCommonShares": "13198000", "preferredStockAndOtherAdjustments": "None"}, {"fiscalDateEnding": "2016-12-31", "reportedCurrency": "USD", "totalRevenue": "869235000", "totalOperatingExpense": "701405000", "costOfRevenue": "558966000", "grossProfit": "310269000", "ebit": "188824000", "netIncome": "2039000", "researchAndDevelopment": "None", "effectOfAccountingCharges": "None", "incomeBeforeTax": "13126000", "minorityInterest": "11970000", "sellingGeneralAdministrative": "131423000", "otherNonOperatingIncome": "None", "operatingIncome": "167830000", "otherOperatingExpense": "36110000", "interestExpense": "48198000", "taxProvision": "9387000", "interestIncome": "7671000", "netInterestIncome": "-44734000", "extraordinaryItems": "None", "nonRecurring": "None", "otherItems": "None", "incomeTaxExpense": "12899000", "totalOtherIncomeExpense": "-109970000", "discontinuedOperations": "None", "netIncomeFromContinuingOperations": "3739000", "netIncomeApplicableToCommonShares": "11568000", "preferredStockAndOtherAdjustments": "None"}, {"fiscalDateEnding": "2015-12-31", "reportedCurrency": "USD", "totalRevenue": "689005000", "totalOperatingExpense": "592190000", "costOfRevenue": "557786000", "grossProfit": "131219000", "ebit": "82124000", "netIncome": "-5593000", "researchAndDevelopment": "None", "effectOfAccountingCharges": "None", "incomeBeforeTax": "-12305000", "minorityInterest": "7335000", "sellingGeneralAdministrative": "118108000", "otherNonOperatingIncome": "None", "operatingIncome": "95435000", "otherOperatingExpense": "8740000", "interestExpense": "-19438000", "taxProvision": "-7954000", "interestIncome": "-101850000", "netInterestIncome": "None", "extraordinaryItems": "None", "nonRecurring": "None", "otherItems": "None", "incomeTaxExpense": "-7954000", "totalOtherIncomeExpense": "-94429000", "discontinuedOperations": "None", "netIncomeFromContinuingOperations": "-4351000", "netIncomeApplicableToCommonShares": "-5593000", "preferredStockAndOtherAdjustments": "None"}], "quarterlyReports": [{"fiscalDateEnding": "2020-06-30", "reportedCurrency": "USD", "totalRevenue": "181853000", "totalOperatingExpense": "143856000", "costOfRevenue": "112382000", "grossProfit": "69471000", "ebit": "94782000", "netIncome": "-12064000", "researchAndDevelopment": "None", "effectOfAccountingCharges": "None", "incomeBeforeTax": "-9253000", "minorityInterest": "41171000", "sellingGeneralAdministrative": "32087000", "otherNonOperatingIncome": "None", "operatingIncome": "37997000", "otherOperatingExpense": "-613000", "interestExpense": "59593000", "taxProvision": "2811000", "interestIncome": "1132000", "netInterestIncome": "-47250000", "extraordinaryItems": "None", "nonRecurring": "None", "otherItems": "None", "incomeTaxExpense": "2811000", "totalOtherIncomeExpense": "None", "discontinuedOperations": "None", "netIncomeFromContinuingOperations": "-12064000", "netIncomeApplicableToCommonShares": "-11934000", "preferredStockAndOtherAdjustments": "None"}, {"fiscalDateEnding": "2020-03-31", "reportedCurrency": "USD", "totalRevenue": "156130000", "totalOperatingExpense": "130608000", "costOfRevenue": "97908000", "grossProfit": "58222000", "ebit": "-25232000", "netIncome": "-55154000", "researchAndDevelopment": "None", "effectOfAccountingCharges": "None", "incomeBeforeTax": "-77047000", "minorityInterest": "41355000", "sellingGeneralAdministrative": "33265000", "otherNonOperatingIncome": "None", "operatingIncome": "25522000", "otherOperatingExpense": "-8641000", "interestExpense": "17166000", "taxProvision": "-22606000", "interestIncome": "2249000", "netInterestIncome": "1119000", "extraordinaryItems": "None", "nonRecurring": "None", "otherItems": "None", "incomeTaxExpense": "-22606000", "totalOtherIncomeExpense": "-103688000", "discontinuedOperations": "None", "netIncomeFromContinuingOperations": "-54441000", "netIncomeApplicableToCommonShares": "-55154000", "preferredStockAndOtherAdjustments": "None"}, {"fiscalDateEnding": "2019-12-31", "reportedCurrency": "USD", "totalRevenue": "279225000", "totalOperatingExpense": "252997000", "costOfRevenue": "201187000", "grossProfit": "78038000", "ebit": "95683000", "netIncome": "9635000", "researchAndDevelopment": "None", "effectOfAccountingCharges": "None", "incomeBeforeTax": "25227000", "minorityInterest": "40614000", "sellingGeneralAdministrative": "-17673000", "otherNonOperatingIncome": "None", "operatingIncome": "26228000", "otherOperatingExpense": "37650000", "interestExpense": "15979000", "taxProvision": "15605000", "interestIncome": "2121000", "netInterestIncome": "14680000", "extraordinaryItems": "None", "nonRecurring": "None", "otherItems": "None", "incomeTaxExpense": "15605000", "totalOtherIncomeExpense": "-15681000", "discontinuedOperations": "None", "netIncomeFromContinuingOperations": "9622000", "netIncomeApplicableToCommonShares": "9635000", "preferredStockAndOtherAdjustments": "None"}, {"fiscalDateEnding": "2019-09-30", "reportedCurrency": "USD", "totalRevenue": "220312000", "totalOperatingExpense": "180234000", "costOfRevenue": "156061000", "grossProfit": "64251000", "ebit": "127111000", "netIncome": "-30245000", "researchAndDevelopment": "None", "effectOfAccountingCharges": "None", "incomeBeforeTax": "-43281000", "minorityInterest": "40773000", "sellingGeneralAdministrative": "33470000", "otherNonOperatingIncome": "None", "operatingIncome": "40078000", "otherOperatingExpense": "-9297000", "interestExpense": "106452000", "taxProvision": "-12974000", "interestIncome": "2525000", "netInterestIncome": "-83359000", "extraordinaryItems": "None", "nonRecurring": "None", "otherItems": "None", "incomeTaxExpense": "-12974000", "totalOtherIncomeExpense": "-75509000", "discontinuedOperations": "None", "netIncomeFromContinuingOperations": "-30307000", "netIncomeApplicableToCommonShares": "-30245000", "preferredStockAndOtherAdjustments": "None"}, {"fiscalDateEnding": "2019-06-30", "reportedCurrency": "USD", "totalRevenue": "227786000", "totalOperatingExpense": "195082000", "costOfRevenue": "144915000", "grossProfit": "82871000", "ebit": "123239000", "netIncome": "22991000", "researchAndDevelopment": "None", "effectOfAccountingCharges": "None", "incomeBeforeTax": "38734000", "minorityInterest": "45733000", "sellingGeneralAdministrative": "43916000", "otherNonOperatingIncome": "None", "operatingIncome": "32704000", "otherOperatingExpense": "6251000", "interestExpense": "20032000", "taxProvision": "15472000", "interestIncome": "1832000", "netInterestIncome": "6030000", "extraordinaryItems": "None", "nonRecurring": "None", "otherItems": "None", "incomeTaxExpense": "15472000", "totalOtherIncomeExpense": "34330000", "discontinuedOperations": "None", "netIncomeFromContinuingOperations": "23262000", "netIncomeApplicableToCommonShares": "22991000", "preferredStockAndOtherAdjustments": "None"}, {"fiscalDateEnding": "2019-03-31", "reportedCurrency": "USD", "totalRevenue": "161171000", "totalOperatingExpense": "135833000", "costOfRevenue": "123938000", "grossProfit": "37233000", "ebit": "52639000", "netIncome": "-3153000", "researchAndDevelopment": "None", "effectOfAccountingCharges": "None", "incomeBeforeTax": "482000", "minorityInterest": "45365000", "sellingGeneralAdministrative": "30284000", "otherNonOperatingIncome": "None", "operatingIncome": "24137000", "otherOperatingExpense": "8028000", "interestExpense": "2078000", "taxProvision": "2717000", "interestIncome": "-40757000", "netInterestIncome": "4592000", "extraordinaryItems": "None", "nonRecurring": "None", "otherItems": "None", "incomeTaxExpense": "2717000", "totalOtherIncomeExpense": "-28092000", "discontinuedOperations": "None", "netIncomeFromContinuingOperations": "-2235000", "netIncomeApplicableToCommonShares": "-3153000", "preferredStockAndOtherAdjustments": "None"}, {"fiscalDateEnding": "2018-12-31", "reportedCurrency": "USD", "totalRevenue": "243009000", "totalOperatingExpense": "246270000", "costOfRevenue": "182426000", "grossProfit": "60583000", "ebit": "-3261000", "netIncome": "-4770000", "researchAndDevelopment": "0", "effectOfAccountingCharges": "0", "incomeBeforeTax": "-2128000", "minorityInterest": "44509000", "sellingGeneralAdministrative": "31221000", "otherNonOperatingIncome": "None", "operatingIncome": "-3261000", "otherOperatingExpense": "32623000", "interestExpense": "-15254000", "taxProvision": "2127000", "interestIncome": "None", "netInterestIncome": "None", "extraordinaryItems": "0", "nonRecurring": "0", "otherItems": "0", "incomeTaxExpense": "2127000", "totalOtherIncomeExpense": "1133000", "discontinuedOperations": "0", "netIncomeFromContinuingOperations": "-4255000", "netIncomeApplicableToCommonShares": "-4770000", "preferredStockAndOtherAdjustments": "None"}, {"fiscalDateEnding": "2018-09-30", "reportedCurrency": "USD", "totalRevenue": "178744000", "totalOperatingExpense": "120974000", "costOfRevenue": "127750000", "grossProfit": "50994000", "ebit": "57770000", "netIncome": "4478000", "researchAndDevelopment": "0", "effectOfAccountingCharges": "0", "incomeBeforeTax": "13769000", "minorityInterest": "43831000", "sellingGeneralAdministrative": "31116000", "otherNonOperatingIncome": "None", "operatingIncome": "57770000", "otherOperatingExpense": "-37892000", "interestExpense": "-72653000", "taxProvision": "None", "interestIncome": "None", "netInterestIncome": "None", "extraordinaryItems": "0", "nonRecurring": "0", "otherItems": "0", "incomeTaxExpense": "10273000", "totalOtherIncomeExpense": "-44001000", "discontinuedOperations": "0", "netIncomeFromContinuingOperations": "3496000", "netIncomeApplicableToCommonShares": "4478000", "preferredStockAndOtherAdjustments": "None"}, {"fiscalDateEnding": "2018-06-30", "reportedCurrency": "USD", "totalRevenue": "215919000", "totalOperatingExpense": "143845000", "costOfRevenue": "156508000", "grossProfit": "59411000", "ebit": "72074000", "netIncome": "-31231000", "researchAndDevelopment": "0", "effectOfAccountingCharges": "0", "incomeBeforeTax": "-48134000", "minorityInterest": "4773000", "sellingGeneralAdministrative": "38030000", "otherNonOperatingIncome": "None", "operatingIncome": "72074000", "otherOperatingExpense": "-50693000", "interestExpense": "-141472000", "taxProvision": "None", "interestIncome": "None", "netInterestIncome": "None", "extraordinaryItems": "0", "nonRecurring": "0", "otherItems": "0", "incomeTaxExpense": "-17128000", "totalOtherIncomeExpense": "-120208000", "discontinuedOperations": "0", "netIncomeFromContinuingOperations": "-31006000", "netIncomeApplicableToCommonShares": "-31231000", "preferredStockAndOtherAdjustments": "None"}, {"fiscalDateEnding": "2018-03-31", "reportedCurrency": "USD", "totalRevenue": "155567000", "totalOperatingExpense": "120305000", "costOfRevenue": "111942000", "grossProfit": "43625000", "ebit": "35262000", "netIncome": "6901000", "researchAndDevelopment": "0", "effectOfAccountingCharges": "0", "incomeBeforeTax": "12236000", "minorityInterest": "6576000", "sellingGeneralAdministrative": "22545000", "otherNonOperatingIncome": "None", "operatingIncome": "35262000", "otherOperatingExpense": "-14182000", "interestExpense": "-13630000", "taxProvision": "None", "interestIncome": "None", "netInterestIncome": "None", "extraordinaryItems": "0", "nonRecurring": "0", "otherItems": "0", "incomeTaxExpense": "3704000", "totalOtherIncomeExpense": "-23026000", "discontinuedOperations": "0", "netIncomeFromContinuingOperations": "8532000", "netIncomeApplicableToCommonShares": "6901000", "preferredStockAndOtherAdjustments": "None"}, {"fiscalDateEnding": "2017-12-31", "reportedCurrency": "USD", "totalRevenue": "275569000", "totalOperatingExpense": "770465000", "costOfRevenue": "146479000", "grossProfit": "166487000", "ebit": "87042000", "netIncome": "4288000", "researchAndDevelopment": "0", "effectOfAccountingCharges": "0", "incomeBeforeTax": "-565000", "minorityInterest": "651000", "sellingGeneralAdministrative": "41504000", "otherNonOperatingIncome": "None", "operatingIncome": "45965000", "otherOperatingExpense": "-29226000", "interestExpense": "13832000", "taxProvision": "None", "interestIncome": "None", "netInterestIncome": "None", "extraordinaryItems": "0", "nonRecurring": "0", "otherItems": "0", "incomeTaxExpense": "-8774000", "totalOtherIncomeExpense": "-87607000", "discontinuedOperations": "0", "netIncomeFromContinuingOperations": "8209000", "netIncomeApplicableToCommonShares": "4288000", "preferredStockAndOtherAdjustments": "None"}, {"fiscalDateEnding": "2017-09-30", "reportedCurrency": "USD", "totalRevenue": "262988000", "totalOperatingExpense": "264922000", "costOfRevenue": "149931000", "grossProfit": "131891000", "ebit": "80492000", "netIncome": "-4260000", "researchAndDevelopment": "0", "effectOfAccountingCharges": "0", "incomeBeforeTax": "-1436000", "minorityInterest": "52000", "sellingGeneralAdministrative": "42007000", "otherNonOperatingIncome": "None", "operatingIncome": "17830000", "otherOperatingExpense": "14546000", "interestExpense": "14915000", "taxProvision": "None", "interestIncome": "None", "netInterestIncome": "None", "extraordinaryItems": "0", "nonRecurring": "0", "otherItems": "0", "incomeTaxExpense": "236000", "totalOtherIncomeExpense": "-50713000", "discontinuedOperations": "0", "netIncomeFromContinuingOperations": "17640000", "netIncomeApplicableToCommonShares": "-4260000", "preferredStockAndOtherAdjustments": "None"}, {"fiscalDateEnding": "2017-06-30", "reportedCurrency": "USD", "totalRevenue": "228530000", "totalOperatingExpense": "-356996000", "costOfRevenue": "151163000", "grossProfit": "-107305000", "ebit": "-78838000", "netIncome": "5114000", "researchAndDevelopment": "0", "effectOfAccountingCharges": "0", "incomeBeforeTax": "7682000", "minorityInterest": "98000", "sellingGeneralAdministrative": "33844000", "otherNonOperatingIncome": "None", "operatingIncome": "5006000", "otherOperatingExpense": "26238000", "interestExpense": "13877000", "taxProvision": "None", "interestIncome": "None", "netInterestIncome": "None", "extraordinaryItems": "0", "nonRecurring": "0", "otherItems": "0", "incomeTaxExpense": "2470000", "totalOtherIncomeExpense": "45527000", "discontinuedOperations": "0", "netIncomeFromContinuingOperations": "-20067000", "netIncomeApplicableToCommonShares": "5114000", "preferredStockAndOtherAdjustments": "None"}, {"fiscalDateEnding": "2017-03-31", "reportedCurrency": "USD", "totalRevenue": "166091000", "totalOperatingExpense": "140551000", "costOfRevenue": "106720000", "grossProfit": "35827000", "ebit": "25540000", "netIncome": "4991000", "researchAndDevelopment": "0", "effectOfAccountingCharges": "0", "incomeBeforeTax": "9778000", "minorityInterest": "976000", "sellingGeneralAdministrative": "28403000", "otherNonOperatingIncome": "None", "operatingIncome": "13319000", "otherOperatingExpense": "-12276000", "interestExpense": "15507000", "taxProvision": "None", "interestIncome": "None", "netInterestIncome": "None", "extraordinaryItems": "0", "nonRecurring": "0", "otherItems": "0", "incomeTaxExpense": "3811000", "totalOtherIncomeExpense": "-15762000", "discontinuedOperations": "0", "netIncomeFromContinuingOperations": "5967000", "netIncomeApplicableToCommonShares": "4991000", "preferredStockAndOtherAdjustments": "None"}, {"fiscalDateEnding": "2016-12-31", "reportedCurrency": "USD", "totalRevenue": "332088000", "totalOperatingExpense": "746873000", "costOfRevenue": "190234000", "grossProfit": "261386000", "ebit": "16919000", "netIncome": "11831000", "researchAndDevelopment": "0", "effectOfAccountingCharges": "0", "incomeBeforeTax": "18416000", "minorityInterest": "99000", "sellingGeneralAdministrative": "43464000", "otherNonOperatingIncome": "None", "operatingIncome": "53259000", "otherOperatingExpense": "47637000", "interestExpense": "14945000", "taxProvision": "None", "interestIncome": "None", "netInterestIncome": "None", "extraordinaryItems": "0", "nonRecurring": "0", "otherItems": "0", "incomeTaxExpense": "6486000", "totalOtherIncomeExpense": "-144726000", "discontinuedOperations": "0", "netIncomeFromContinuingOperations": "3739000", "netIncomeApplicableToCommonShares": "11831000", "preferredStockAndOtherAdjustments": "None"}, {"fiscalDateEnding": "2016-09-30", "reportedCurrency": "USD", "totalRevenue": "246443000", "totalOperatingExpense": "114510000", "costOfRevenue": "132503000", "grossProfit": "92169000", "ebit": "187933000", "netIncome": "6593000", "researchAndDevelopment": "0", "effectOfAccountingCharges": "0", "incomeBeforeTax": "5092000", "minorityInterest": "214000", "sellingGeneralAdministrative": "36003000", "otherNonOperatingIncome": "None", "operatingIncome": "37473000", "otherOperatingExpense": "0", "interestExpense": "13228000", "taxProvision": "None", "interestIncome": "None", "netInterestIncome": "None", "extraordinaryItems": "0", "nonRecurring": "0", "otherItems": "0", "incomeTaxExpense": "-3980000", "totalOtherIncomeExpense": "0", "discontinuedOperations": "0", "netIncomeFromContinuingOperations": "0", "netIncomeApplicableToCommonShares": "6593000", "preferredStockAndOtherAdjustments": "None"}, {"fiscalDateEnding": "2016-06-30", "reportedCurrency": "USD", "totalRevenue": "169220000", "totalOperatingExpense": "-268000000", "costOfRevenue": "58460000", "grossProfit": "-73000000", "ebit": "-51000000", "netIncome": "-25600000", "researchAndDevelopment": "0", "effectOfAccountingCharges": "0", "incomeBeforeTax": "-5103000", "minorityInterest": "235000", "sellingGeneralAdministrative": "26102000", "otherNonOperatingIncome": "None", "operatingIncome": "56295000", "otherOperatingExpense": "0", "interestExpense": "20087000", "taxProvision": "None", "interestIncome": "None", "netInterestIncome": "None", "extraordinaryItems": "0", "nonRecurring": "0", "otherItems": "0", "incomeTaxExpense": "2265000", "totalOtherIncomeExpense": "0", "discontinuedOperations": "0", "netIncomeFromContinuingOperations": "0", "netIncomeApplicableToCommonShares": "-1600000", "preferredStockAndOtherAdjustments": "None"}, {"fiscalDateEnding": "2016-03-31", "reportedCurrency": "USD", "totalRevenue": "121484000", "totalOperatingExpense": "118000000", "costOfRevenue": "58689000", "grossProfit": "25000000", "ebit": "4000000", "netIncome": "1600000", "researchAndDevelopment": "0", "effectOfAccountingCharges": "0", "incomeBeforeTax": "5103000", "minorityInterest": "1152000", "sellingGeneralAdministrative": "20153000", "otherNonOperatingIncome": "None", "operatingIncome": "29100000", "otherOperatingExpense": "0", "interestExpense": "10286000", "taxProvision": "None", "interestIncome": "None", "netInterestIncome": "None", "extraordinaryItems": "0", "nonRecurring": "0", "otherItems": "0", "incomeTaxExpense": "2351000", "totalOtherIncomeExpense": "0", "discontinuedOperations": "0", "netIncomeFromContinuingOperations": "0", "netIncomeApplicableToCommonShares": "1600000", "preferredStockAndOtherAdjustments": "None"}, {"fiscalDateEnding": "2015-12-31", "reportedCurrency": "USD", "totalRevenue": "218668000", "totalOperatingExpense": "592190000", "costOfRevenue": "137216000", "grossProfit": "178438000", "ebit": "82124000", "netIncome": "-21642000", "researchAndDevelopment": "0", "effectOfAccountingCharges": "0", "incomeBeforeTax": "-30389000", "minorityInterest": "387000", "sellingGeneralAdministrative": "31890000", "otherNonOperatingIncome": "None", "operatingIncome": "34231000", "otherOperatingExpense": "8740000", "interestExpense": "19309000", "taxProvision": "None", "interestIncome": "None", "netInterestIncome": "None", "extraordinaryItems": "0", "nonRecurring": "0", "otherItems": "0", "incomeTaxExpense": "-9958000", "totalOtherIncomeExpense": "-94429000", "discontinuedOperations": "0", "netIncomeFromContinuingOperations": "-4351000", "netIncomeApplicableToCommonShares": "-21642000", "preferredStockAndOtherAdjustments": "None"}, {"fiscalDateEnding": "2015-09-30", "reportedCurrency": "USD", "totalRevenue": "170502000", "totalOperatingExpense": "0", "costOfRevenue": "89053000", "grossProfit": "0", "ebit": "0", "netIncome": "16049000", "researchAndDevelopment": "0", "effectOfAccountingCharges": "0", "incomeBeforeTax": "18084000", "minorityInterest": "31000", "sellingGeneralAdministrative": "28723000", "otherNonOperatingIncome": "None", "operatingIncome": "20774000", "otherOperatingExpense": "0", "interestExpense": "15994000", "taxProvision": "None", "interestIncome": "None", "netInterestIncome": "None", "extraordinaryItems": "0", "nonRecurring": "0", "otherItems": "0", "incomeTaxExpense": "2004000", "totalOtherIncomeExpense": "0", "discontinuedOperations": "0", "netIncomeFromContinuingOperations": "0", "netIncomeApplicableToCommonShares": "16049000", "preferredStockAndOtherAdjustments": "None"}, {"fiscalDateEnding": "2015-06-30", "reportedCurrency": "USD", "totalRevenue": "170926000", "totalOperatingExpense": "0", "costOfRevenue": "89839000", "grossProfit": "0", "ebit": "0", "netIncome": "0", "researchAndDevelopment": "0", "effectOfAccountingCharges": "0", "incomeBeforeTax": "0", "minorityInterest": "-934000", "sellingGeneralAdministrative": "27385000", "otherNonOperatingIncome": "None", "operatingIncome": "16215000", "otherOperatingExpense": "0", "interestExpense": "26309000", "taxProvision": "None", "interestIncome": "None", "netInterestIncome": "None", "extraordinaryItems": "0", "nonRecurring": "0", "otherItems": "0", "incomeTaxExpense": "1174000", "totalOtherIncomeExpense": "0", "discontinuedOperations": "0", "netIncomeFromContinuingOperations": "0", "netIncomeApplicableToCommonShares": "0", "preferredStockAndOtherAdjustments": "None"}]}