{"symbol": "AGS", "annualReports": [{"fiscalDateEnding": "2019-12-31", "reportedCurrency": "USD", "totalRevenue": "304714000", "totalOperatingExpense": "274065000", "costOfRevenue": "86468000", "grossProfit": "218246000", "ebit": "117130000", "netIncome": "-11752000", "researchAndDevelopment": "34338000", "effectOfAccountingCharges": "None", "incomeBeforeTax": "-16970000", "minorityInterest": "None", "sellingGeneralAdministrative": "61785000", "otherNonOperatingIncome": "None", "operatingIncome": "30649000", "otherOperatingExpense": "None", "interestExpense": "36248000", "taxProvision": "-5449000", "interestIncome": "163000", "netInterestIncome": "-36085000", "extraordinaryItems": "None", "nonRecurring": "None", "otherItems": "None", "incomeTaxExpense": "-5449000", "totalOtherIncomeExpense": "-11534000", "discontinuedOperations": "None", "netIncomeFromContinuingOperations": "-11521000", "netIncomeApplicableToCommonShares": "-11752000", "preferredStockAndOtherAdjustments": "None"}, {"fiscalDateEnding": "2018-12-31", "reportedCurrency": "USD", "totalRevenue": "285299000", "totalOperatingExpense": "251256000", "costOfRevenue": "78938000", "grossProfit": "206361000", "ebit": "90471000", "netIncome": "-20846000", "researchAndDevelopment": "31745000", "effectOfAccountingCharges": "None", "incomeBeforeTax": "-29223000", "minorityInterest": "None", "sellingGeneralAdministrative": "63038000", "otherNonOperatingIncome": "None", "operatingIncome": "34043000", "otherOperatingExpense": "None", "interestExpense": "37607000", "taxProvision": "-8377000", "interestIncome": "207000", "netInterestIncome": "-37400000", "extraordinaryItems": "-600000", "nonRecurring": "None", "otherItems": "None", "incomeTaxExpense": "-8377000", "totalOtherIncomeExpense": "-25866000", "discontinuedOperations": "None", "netIncomeFromContinuingOperations": "-20846000", "netIncomeApplicableToCommonShares": "-20846000", "preferredStockAndOtherAdjustments": "None"}, {"fiscalDateEnding": "2017-12-31", "reportedCurrency": "USD", "totalRevenue": "211955000", "totalOperatingExpense": "192968000", "costOfRevenue": "51589000", "grossProfit": "160366000", "ebit": "84845000", "netIncome": "-45106000", "researchAndDevelopment": "25715000", "effectOfAccountingCharges": "None", "incomeBeforeTax": "-46995000", "minorityInterest": "None", "sellingGeneralAdministrative": "44015000", "otherNonOperatingIncome": "None", "operatingIncome": "18987000", "otherOperatingExpense": "71649000", "interestExpense": "55511000", "taxProvision": "-1889000", "interestIncome": "108000", "netInterestIncome": "-55403000", "extraordinaryItems": "8100000", "nonRecurring": "4485000", "otherItems": "None", "incomeTaxExpense": "-1889000", "totalOtherIncomeExpense": "-10579000", "discontinuedOperations": "None", "netIncomeFromContinuingOperations": "-45106000", "netIncomeApplicableToCommonShares": "-45106000", "preferredStockAndOtherAdjustments": "None"}, {"fiscalDateEnding": "2016-12-31", "reportedCurrency": "USD", "totalRevenue": "166806000", "totalOperatingExpense": "180608000", "costOfRevenue": "32973000", "grossProfit": "133833000", "ebit": "60472000", "netIncome": "-81374000", "researchAndDevelopment": "21346000", "effectOfAccountingCharges": "None", "incomeBeforeTax": "-84374000", "minorityInterest": "None", "sellingGeneralAdministrative": "46108000", "otherNonOperatingIncome": "None", "operatingIncome": "-13802000", "otherOperatingExpense": "80181000", "interestExpense": "59963000", "taxProvision": "-3000000", "interestIncome": "57000", "netInterestIncome": "-59906000", "extraordinaryItems": "None", "nonRecurring": "3262000", "otherItems": "None", "incomeTaxExpense": "-3000000", "totalOtherIncomeExpense": "-10666000", "discontinuedOperations": "None", "netIncomeFromContinuingOperations": "-81374000", "netIncomeApplicableToCommonShares": "-81374000", "preferredStockAndOtherAdjustments": "None"}, {"fiscalDateEnding": "2015-12-31", "reportedCurrency": "USD", "totalRevenue": "123292000", "totalOperatingExpense": "140965000", "costOfRevenue": "24839000", "grossProfit": "98453000", "ebit": "-17673000", "netIncome": "-38545000", "researchAndDevelopment": "14376000", "effectOfAccountingCharges": "None", "incomeBeforeTax": "-74634000", "minorityInterest": "None", "sellingGeneralAdministrative": "38688000", "otherNonOperatingIncome": "None", "operatingIncome": "-29439000", "otherOperatingExpense": "61662000", "interestExpense": "-41642000", "taxProvision": "-36089000", "interestIncome": "-41560000", "netInterestIncome": "None", "extraordinaryItems": "None", "nonRecurring": "11766000", "otherItems": "None", "incomeTaxExpense": "-36089000", "totalOtherIncomeExpense": "-56961000", "discontinuedOperations": "None", "netIncomeFromContinuingOperations": "-38545000", "netIncomeApplicableToCommonShares": "-38545000", "preferredStockAndOtherAdjustments": "None"}], "quarterlyReports": [{"fiscalDateEnding": "2020-06-30", "reportedCurrency": "USD", "totalRevenue": "16788000", "totalOperatingExpense": "44718000", "costOfRevenue": "9657000", "grossProfit": "7131000", "ebit": "-8301000", "netIncome": "-42639000", "researchAndDevelopment": "4931000", "effectOfAccountingCharges": "None", "incomeBeforeTax": "-42590000", "minorityInterest": "None", "sellingGeneralAdministrative": "8609000", "otherNonOperatingIncome": "None", "operatingIncome": "-27930000", "otherOperatingExpense": "-55000", "interestExpense": "10894000", "taxProvision": "49000", "interestIncome": "120000", "netInterestIncome": "-10774000", "extraordinaryItems": "None", "nonRecurring": "None", "otherItems": "None", "incomeTaxExpense": "49000", "totalOtherIncomeExpense": "-3886000", "discontinuedOperations": "None", "netIncomeFromContinuingOperations": "-42639000", "netIncomeApplicableToCommonShares": "-42639000", "preferredStockAndOtherAdjustments": "None"}, {"fiscalDateEnding": "2020-03-31", "reportedCurrency": "USD", "totalRevenue": "54313000", "totalOperatingExpense": "59441000", "costOfRevenue": "15201000", "grossProfit": "39112000", "ebit": "16758000", "netIncome": "-14419000", "researchAndDevelopment": "8231000", "effectOfAccountingCharges": "None", "incomeBeforeTax": "-17812000", "minorityInterest": "None", "sellingGeneralAdministrative": "11640000", "otherNonOperatingIncome": "None", "operatingIncome": "-5128000", "otherOperatingExpense": "-55000", "interestExpense": "8342000", "taxProvision": "-3393000", "interestIncome": "52000", "netInterestIncome": "-8290000", "extraordinaryItems": "None", "nonRecurring": "None", "otherItems": "None", "incomeTaxExpense": "-3393000", "totalOtherIncomeExpense": "-4394000", "discontinuedOperations": "None", "netIncomeFromContinuingOperations": "-14419000", "netIncomeApplicableToCommonShares": "-14419000", "preferredStockAndOtherAdjustments": "None"}, {"fiscalDateEnding": "2019-12-31", "reportedCurrency": "USD", "totalRevenue": "77786000", "totalOperatingExpense": "69918000", "costOfRevenue": "22841000", "grossProfit": "54945000", "ebit": "32652000", "netIncome": "1423000", "researchAndDevelopment": "9163000", "effectOfAccountingCharges": "None", "incomeBeforeTax": "-142000", "minorityInterest": "None", "sellingGeneralAdministrative": "15442000", "otherNonOperatingIncome": "None", "operatingIncome": "7868000", "otherOperatingExpense": "-55000", "interestExpense": "8494000", "taxProvision": "-1565000", "interestIncome": "51000", "netInterestIncome": "-8443000", "extraordinaryItems": "None", "nonRecurring": "None", "otherItems": "None", "incomeTaxExpense": "-1565000", "totalOtherIncomeExpense": "433000", "discontinuedOperations": "None", "netIncomeFromContinuingOperations": "1423000", "netIncomeApplicableToCommonShares": "1423000", "preferredStockAndOtherAdjustments": "None"}, {"fiscalDateEnding": "2019-09-30", "reportedCurrency": "USD", "totalRevenue": "79377000", "totalOperatingExpense": "72991000", "costOfRevenue": "23649000", "grossProfit": "55728000", "ebit": "31284000", "netIncome": "-5536000", "researchAndDevelopment": "8671000", "effectOfAccountingCharges": "None", "incomeBeforeTax": "-3593000", "minorityInterest": "None", "sellingGeneralAdministrative": "16861000", "otherNonOperatingIncome": "None", "operatingIncome": "6386000", "otherOperatingExpense": "-55000", "interestExpense": "9320000", "taxProvision": "1926000", "interestIncome": "42000", "netInterestIncome": "-9278000", "extraordinaryItems": "None", "nonRecurring": "None", "otherItems": "None", "incomeTaxExpense": "1926000", "totalOtherIncomeExpense": "-701000", "discontinuedOperations": "None", "netIncomeFromContinuingOperations": "-5519000", "netIncomeApplicableToCommonShares": "-5536000", "preferredStockAndOtherAdjustments": "None"}, {"fiscalDateEnding": "2019-06-30", "reportedCurrency": "USD", "totalRevenue": "74509000", "totalOperatingExpense": "67478000", "costOfRevenue": "20835000", "grossProfit": "53674000", "ebit": "27263000", "netIncome": "-7557000", "researchAndDevelopment": "8379000", "effectOfAccountingCharges": "None", "incomeBeforeTax": "-7488000", "minorityInterest": "128000", "sellingGeneralAdministrative": "14605000", "otherNonOperatingIncome": "None", "operatingIncome": "7031000", "otherOperatingExpense": "None", "interestExpense": "9560000", "taxProvision": "-52000", "interestIncome": "31000", "netInterestIncome": "-9529000", "extraordinaryItems": "None", "nonRecurring": "None", "otherItems": "None", "incomeTaxExpense": "-52000", "totalOtherIncomeExpense": "-4990000", "discontinuedOperations": "None", "netIncomeFromContinuingOperations": "-7436000", "netIncomeApplicableToCommonShares": "-7557000", "preferredStockAndOtherAdjustments": "None"}, {"fiscalDateEnding": "2019-03-31", "reportedCurrency": "USD", "totalRevenue": "73042000", "totalOperatingExpense": "63678000", "costOfRevenue": "19061000", "grossProfit": "53981000", "ebit": "25931000", "netIncome": "-82000", "researchAndDevelopment": "8125000", "effectOfAccountingCharges": "None", "incomeBeforeTax": "-5747000", "minorityInterest": "107000", "sellingGeneralAdministrative": "15026000", "otherNonOperatingIncome": "None", "operatingIncome": "8348000", "otherOperatingExpense": "None", "interestExpense": "8874000", "taxProvision": "-5758000", "interestIncome": "-8835000", "netInterestIncome": "-8835000", "extraordinaryItems": "None", "nonRecurring": "None", "otherItems": "None", "incomeTaxExpense": "-5758000", "totalOtherIncomeExpense": "-6276000", "discontinuedOperations": "None", "netIncomeFromContinuingOperations": "11000", "netIncomeApplicableToCommonShares": "-82000", "preferredStockAndOtherAdjustments": "None"}, {"fiscalDateEnding": "2018-12-31", "reportedCurrency": "USD", "totalRevenue": "72095000", "totalOperatingExpense": "65495000", "costOfRevenue": "20957000", "grossProfit": "51138000", "ebit": "6600000", "netIncome": "-10345000", "researchAndDevelopment": "8371000", "effectOfAccountingCharges": "0", "incomeBeforeTax": "-9775000", "minorityInterest": "107000", "sellingGeneralAdministrative": "16416000", "otherNonOperatingIncome": "None", "operatingIncome": "6600000", "otherOperatingExpense": "0", "interestExpense": "-9354000", "taxProvision": "None", "interestIncome": "None", "netInterestIncome": "None", "extraordinaryItems": "-600000", "nonRecurring": "0", "otherItems": "0", "incomeTaxExpense": "570000", "totalOtherIncomeExpense": "-16375000", "discontinuedOperations": "0", "netIncomeFromContinuingOperations": "-10345000", "netIncomeApplicableToCommonShares": "-10345000", "preferredStockAndOtherAdjustments": "None"}, {"fiscalDateEnding": "2018-09-30", "reportedCurrency": "USD", "totalRevenue": "75526000", "totalOperatingExpense": "64794000", "costOfRevenue": "22603000", "grossProfit": "52923000", "ebit": "10732000", "netIncome": "4347000", "researchAndDevelopment": "7894000", "effectOfAccountingCharges": "0", "incomeBeforeTax": "809000", "minorityInterest": "107000", "sellingGeneralAdministrative": "15329000", "otherNonOperatingIncome": "None", "operatingIncome": "10732000", "otherOperatingExpense": "0", "interestExpense": "-8956000", "taxProvision": "None", "interestIncome": "None", "netInterestIncome": "None", "extraordinaryItems": "0", "nonRecurring": "0", "otherItems": "0", "incomeTaxExpense": "-3538000", "totalOtherIncomeExpense": "-9923000", "discontinuedOperations": "0", "netIncomeFromContinuingOperations": "4347000", "netIncomeApplicableToCommonShares": "4331000", "preferredStockAndOtherAdjustments": "None"}, {"fiscalDateEnding": "2018-06-30", "reportedCurrency": "USD", "totalRevenue": "72822000", "totalOperatingExpense": "60793000", "costOfRevenue": "19121000", "grossProfit": "53701000", "ebit": "12029000", "netIncome": "-5310000", "researchAndDevelopment": "6855000", "effectOfAccountingCharges": "0", "incomeBeforeTax": "1717000", "minorityInterest": "107000", "sellingGeneralAdministrative": "15350000", "otherNonOperatingIncome": "None", "operatingIncome": "12029000", "otherOperatingExpense": "-19349000", "interestExpense": "-8873000", "taxProvision": "None", "interestIncome": "None", "netInterestIncome": "None", "extraordinaryItems": "0", "nonRecurring": "-1610000", "otherItems": "0", "incomeTaxExpense": "7027000", "totalOtherIncomeExpense": "-10312000", "discontinuedOperations": "0", "netIncomeFromContinuingOperations": "-5310000", "netIncomeApplicableToCommonShares": "-5310000", "preferredStockAndOtherAdjustments": "None"}, {"fiscalDateEnding": "2018-03-31", "reportedCurrency": "USD", "totalRevenue": "64856000", "totalOperatingExpense": "61008000", "costOfRevenue": "16257000", "grossProfit": "48599000", "ebit": "3848000", "netIncome": "-9538000", "researchAndDevelopment": "8625000", "effectOfAccountingCharges": "0", "incomeBeforeTax": "-21974000", "minorityInterest": "0", "sellingGeneralAdministrative": "16777000", "otherNonOperatingIncome": "None", "operatingIncome": "3848000", "otherOperatingExpense": "19349000", "interestExpense": "-10424000", "taxProvision": "None", "interestIncome": "None", "netInterestIncome": "None", "extraordinaryItems": "0", "nonRecurring": "1610000", "otherItems": "0", "incomeTaxExpense": "-12436000", "totalOtherIncomeExpense": "-25822000", "discontinuedOperations": "0", "netIncomeFromContinuingOperations": "-9538000", "netIncomeApplicableToCommonShares": "-9538000", "preferredStockAndOtherAdjustments": "None"}, {"fiscalDateEnding": "2017-12-31", "reportedCurrency": "USD", "totalRevenue": "57661000", "totalOperatingExpense": "237804000", "costOfRevenue": "15469000", "grossProfit": "160366000", "ebit": "17871000", "netIncome": "-41016000", "researchAndDevelopment": "7803000", "effectOfAccountingCharges": "0", "incomeBeforeTax": "-46995000", "minorityInterest": "0", "sellingGeneralAdministrative": "21450000", "otherNonOperatingIncome": "None", "operatingIncome": "2691000", "otherOperatingExpense": "91150000", "interestExpense": "13131000", "taxProvision": "None", "interestIncome": "None", "netInterestIncome": "None", "extraordinaryItems": "0", "nonRecurring": "7861000", "otherItems": "0", "incomeTaxExpense": "-2941000", "totalOtherIncomeExpense": "-65982000", "discontinuedOperations": "0", "netIncomeFromContinuingOperations": "-81236000", "netIncomeApplicableToCommonShares": "-81236000", "preferredStockAndOtherAdjustments": "None"}, {"fiscalDateEnding": "2017-09-30", "reportedCurrency": "USD", "totalRevenue": "56440000", "totalOperatingExpense": "-90661000", "costOfRevenue": "13674000", "grossProfit": "0", "ebit": "-3139000", "netIncome": "16020000", "researchAndDevelopment": "6467000", "effectOfAccountingCharges": "0", "incomeBeforeTax": "0", "minorityInterest": "0", "sellingGeneralAdministrative": "16209000", "otherNonOperatingIncome": "None", "operatingIncome": "9626000", "otherOperatingExpense": "-37717000", "interestExpense": "12666000", "taxProvision": "None", "interestIncome": "None", "netInterestIncome": "None", "extraordinaryItems": "0", "nonRecurring": "-5309000", "otherItems": "0", "incomeTaxExpense": "1052000", "totalOtherIncomeExpense": "0", "discontinuedOperations": "0", "netIncomeFromContinuingOperations": "56240000", "netIncomeApplicableToCommonShares": "56240000", "preferredStockAndOtherAdjustments": "None"}, {"fiscalDateEnding": "2017-06-30", "reportedCurrency": "USD", "totalRevenue": "50080000", "totalOperatingExpense": "45825000", "costOfRevenue": "11123000", "grossProfit": "0", "ebit": "4255000", "netIncome": "-7724000", "researchAndDevelopment": "6141000", "effectOfAccountingCharges": "0", "incomeBeforeTax": "0", "minorityInterest": "0", "sellingGeneralAdministrative": "16486000", "otherNonOperatingIncome": "None", "operatingIncome": "4255000", "otherOperatingExpense": "18216000", "interestExpense": "14554000", "taxProvision": "None", "interestIncome": "None", "netInterestIncome": "None", "extraordinaryItems": "0", "nonRecurring": "1933000", "otherItems": "0", "incomeTaxExpense": "1318000", "totalOtherIncomeExpense": "0", "discontinuedOperations": "0", "netIncomeFromContinuingOperations": "-20110000", "netIncomeApplicableToCommonShares": "-20110000", "preferredStockAndOtherAdjustments": "None"}, {"fiscalDateEnding": "2017-03-31", "reportedCurrency": "USD", "totalRevenue": "47774000", "totalOperatingExpense": "0", "costOfRevenue": "11323000", "grossProfit": "0", "ebit": "0", "netIncome": "-12386000", "researchAndDevelopment": "5304000", "effectOfAccountingCharges": "0", "incomeBeforeTax": "0", "minorityInterest": "0", "sellingGeneralAdministrative": "15585000", "otherNonOperatingIncome": "None", "operatingIncome": "2415000", "otherOperatingExpense": "0", "interestExpense": "15160000", "taxProvision": "None", "interestIncome": "None", "netInterestIncome": "None", "extraordinaryItems": "0", "nonRecurring": "0", "otherItems": "0", "incomeTaxExpense": "2233000", "totalOtherIncomeExpense": "0", "discontinuedOperations": "0", "netIncomeFromContinuingOperations": "0", "netIncomeApplicableToCommonShares": "0", "preferredStockAndOtherAdjustments": "None"}, {"fiscalDateEnding": "2016-12-31", "reportedCurrency": "USD", "totalRevenue": "42745000", "totalOperatingExpense": "180608000", "costOfRevenue": "9102000", "grossProfit": "133833000", "ebit": "-13802000", "netIncome": "-60139000", "researchAndDevelopment": "4829000", "effectOfAccountingCharges": "0", "incomeBeforeTax": "-84374000", "minorityInterest": "0", "sellingGeneralAdministrative": "14283000", "otherNonOperatingIncome": "None", "operatingIncome": "-6685000", "otherOperatingExpense": "80181000", "interestExpense": "15812000", "taxProvision": "None", "interestIncome": "None", "netInterestIncome": "None", "extraordinaryItems": "0", "nonRecurring": "3262000", "otherItems": "0", "incomeTaxExpense": "1935000", "totalOtherIncomeExpense": "-70572000", "discontinuedOperations": "0", "netIncomeFromContinuingOperations": "-81374000", "netIncomeApplicableToCommonShares": "-81374000", "preferredStockAndOtherAdjustments": "None"}, {"fiscalDateEnding": "2016-09-30", "reportedCurrency": "USD", "totalRevenue": "41208000", "totalOperatingExpense": "0", "costOfRevenue": "7409000", "grossProfit": "0", "ebit": "0", "netIncome": "-2396000", "researchAndDevelopment": "6675000", "effectOfAccountingCharges": "0", "incomeBeforeTax": "0", "minorityInterest": "0", "sellingGeneralAdministrative": "19645000", "otherNonOperatingIncome": "None", "operatingIncome": "-2779000", "otherOperatingExpense": "0", "interestExpense": "14903000", "taxProvision": "None", "interestIncome": "None", "netInterestIncome": "None", "extraordinaryItems": "0", "nonRecurring": "0", "otherItems": "0", "incomeTaxExpense": "450000", "totalOtherIncomeExpense": "0", "discontinuedOperations": "0", "netIncomeFromContinuingOperations": "0", "netIncomeApplicableToCommonShares": "0", "preferredStockAndOtherAdjustments": "None"}, {"fiscalDateEnding": "2016-06-30", "reportedCurrency": "USD", "totalRevenue": "42618000", "totalOperatingExpense": "0", "costOfRevenue": "10019000", "grossProfit": "0", "ebit": "0", "netIncome": "2227000", "researchAndDevelopment": "9842000", "effectOfAccountingCharges": "0", "incomeBeforeTax": "0", "minorityInterest": "0", "sellingGeneralAdministrative": "33526000", "otherNonOperatingIncome": "None", "operatingIncome": "-132000", "otherOperatingExpense": "0", "interestExpense": "29248000", "taxProvision": "None", "interestIncome": "None", "netInterestIncome": "None", "extraordinaryItems": "0", "nonRecurring": "0", "otherItems": "0", "incomeTaxExpense": "540000", "totalOtherIncomeExpense": "0", "discontinuedOperations": "0", "netIncomeFromContinuingOperations": "0", "netIncomeApplicableToCommonShares": "0", "preferredStockAndOtherAdjustments": "None"}, {"fiscalDateEnding": "2016-03-31", "reportedCurrency": "USD", "totalRevenue": "40235000", "totalOperatingExpense": "0", "costOfRevenue": "6443000", "grossProfit": "0", "ebit": "0", "netIncome": "-21066000", "researchAndDevelopment": "4663000", "effectOfAccountingCharges": "0", "incomeBeforeTax": "0", "minorityInterest": "0", "sellingGeneralAdministrative": "12683000", "otherNonOperatingIncome": "None", "operatingIncome": "-4206000", "otherOperatingExpense": "0", "interestExpense": "14616000", "taxProvision": "None", "interestIncome": "None", "netInterestIncome": "None", "extraordinaryItems": "0", "nonRecurring": "0", "otherItems": "0", "incomeTaxExpense": "-2155000", "totalOtherIncomeExpense": "0", "discontinuedOperations": "0", "netIncomeFromContinuingOperations": "0", "netIncomeApplicableToCommonShares": "0", "preferredStockAndOtherAdjustments": "None"}, {"fiscalDateEnding": "2015-12-31", "reportedCurrency": "USD", "totalRevenue": "40096000", "totalOperatingExpense": "140965000", "costOfRevenue": "8229000", "grossProfit": "98453000", "ebit": "-17673000", "netIncome": "-15266000", "researchAndDevelopment": "14376000", "effectOfAccountingCharges": "0", "incomeBeforeTax": "-74634000", "minorityInterest": "0", "sellingGeneralAdministrative": "53064000", "otherNonOperatingIncome": "None", "operatingIncome": "-4656000", "otherOperatingExpense": "61662000", "interestExpense": "41642000", "taxProvision": "None", "interestIncome": "None", "netInterestIncome": "None", "extraordinaryItems": "0", "nonRecurring": "11766000", "otherItems": "0", "incomeTaxExpense": "-29012000", "totalOtherIncomeExpense": "-56961000", "discontinuedOperations": "0", "netIncomeFromContinuingOperations": "-38545000", "netIncomeApplicableToCommonShares": "-38545000", "preferredStockAndOtherAdjustments": "None"}, {"fiscalDateEnding": "2015-09-30", "reportedCurrency": "USD", "totalRevenue": "38105000", "totalOperatingExpense": "0", "costOfRevenue": "7464000", "grossProfit": "0", "ebit": "0", "netIncome": "-26128000", "researchAndDevelopment": "752000", "effectOfAccountingCharges": "0", "incomeBeforeTax": "0", "minorityInterest": "0", "sellingGeneralAdministrative": "-1144000", "otherNonOperatingIncome": "None", "operatingIncome": "2058000", "otherOperatingExpense": "0", "interestExpense": "2608000", "taxProvision": "None", "interestIncome": "None", "netInterestIncome": "None", "extraordinaryItems": "0", "nonRecurring": "0", "otherItems": "0", "incomeTaxExpense": "14863000", "totalOtherIncomeExpense": "0", "discontinuedOperations": "0", "netIncomeFromContinuingOperations": "0", "netIncomeApplicableToCommonShares": "-2849000", "preferredStockAndOtherAdjustments": "None"}, {"fiscalDateEnding": "2015-06-30", "reportedCurrency": "USD", "totalRevenue": "26296000", "totalOperatingExpense": "0", "costOfRevenue": "5867000", "grossProfit": "0", "ebit": "0", "netIncome": "2849000", "researchAndDevelopment": "4308000", "effectOfAccountingCharges": "0", "incomeBeforeTax": "0", "minorityInterest": "0", "sellingGeneralAdministrative": "14948000", "otherNonOperatingIncome": "None", "operatingIncome": "-15075000", "otherOperatingExpense": "0", "interestExpense": "12278000", "taxProvision": "None", "interestIncome": "None", "netInterestIncome": "None", "extraordinaryItems": "0", "nonRecurring": "0", "otherItems": "0", "incomeTaxExpense": "-21940000", "totalOtherIncomeExpense": "0", "discontinuedOperations": "0", "netIncomeFromContinuingOperations": "0", "netIncomeApplicableToCommonShares": "2849000", "preferredStockAndOtherAdjustments": "None"}]}