{"symbol": "AHC", "annualReports": [{"fiscalDateEnding": "2019-12-31", "reportedCurrency": "USD", "totalRevenue": "183563000", "totalOperatingExpense": "83351000", "costOfRevenue": "90673000", "grossProfit": "92890000", "ebit": "13708000", "netIncome": "9292000", "researchAndDevelopment": "None", "effectOfAccountingCharges": "None", "incomeBeforeTax": "13708000", "minorityInterest": "None", "sellingGeneralAdministrative": "80134000", "otherNonOperatingIncome": "4169000", "operatingIncome": "9539000", "otherOperatingExpense": "1508000", "interestExpense": "None", "taxProvision": "4416000", "interestIncome": "None", "netInterestIncome": "None", "extraordinaryItems": "None", "nonRecurring": "1709000", "otherItems": "None", "incomeTaxExpense": "4416000", "totalOtherIncomeExpense": "27000000", "discontinuedOperations": "None", "netIncomeFromContinuingOperations": "9292000", "netIncomeApplicableToCommonShares": "9292000", "preferredStockAndOtherAdjustments": "None"}, {"fiscalDateEnding": "2018-12-31", "reportedCurrency": "USD", "totalRevenue": "202287000", "totalOperatingExpense": "138952000", "costOfRevenue": "90167000", "grossProfit": "112120000", "ebit": "-22941000", "netIncome": "-25221000", "researchAndDevelopment": "0", "effectOfAccountingCharges": "None", "incomeBeforeTax": "-22941000", "minorityInterest": "None", "sellingGeneralAdministrative": "89304000", "otherNonOperatingIncome": "3891000", "operatingIncome": "-26832000", "otherOperatingExpense": "32727000", "interestExpense": "0", "taxProvision": "-565000", "interestIncome": "None", "netInterestIncome": "None", "extraordinaryItems": "2000", "nonRecurring": "16921000", "otherItems": "None", "incomeTaxExpense": "2280000", "totalOtherIncomeExpense": "3913000", "discontinuedOperations": "None", "netIncomeFromContinuingOperations": "-25221000", "netIncomeApplicableToCommonShares": "-25221000", "preferredStockAndOtherAdjustments": "None"}, {"fiscalDateEnding": "2017-12-31", "reportedCurrency": "USD", "totalRevenue": "248626000", "totalOperatingExpense": "120524000", "costOfRevenue": "138155000", "grossProfit": "110471000", "ebit": "3901000", "netIncome": "10161000", "researchAndDevelopment": "0", "effectOfAccountingCharges": "None", "incomeBeforeTax": "3901000", "minorityInterest": "None", "sellingGeneralAdministrative": "105966000", "otherNonOperatingIncome": "13954000", "operatingIncome": "-10053000", "otherOperatingExpense": "11214000", "interestExpense": "0", "taxProvision": "-6260000", "interestIncome": "None", "netInterestIncome": "None", "extraordinaryItems": "-3570000", "nonRecurring": "3344000", "otherItems": "None", "incomeTaxExpense": "-6260000", "totalOtherIncomeExpense": "10610000", "discontinuedOperations": "None", "netIncomeFromContinuingOperations": "10161000", "netIncomeApplicableToCommonShares": "10161000", "preferredStockAndOtherAdjustments": "None"}, {"fiscalDateEnding": "2016-12-31", "reportedCurrency": "USD", "totalRevenue": "259984000", "totalOperatingExpense": "138310000", "costOfRevenue": "145420000", "grossProfit": "114564000", "ebit": "-21452000", "netIncome": "-19310000", "researchAndDevelopment": "0", "effectOfAccountingCharges": "None", "incomeBeforeTax": "-21452000", "minorityInterest": "130000", "sellingGeneralAdministrative": "104009000", "otherNonOperatingIncome": "2294000", "operatingIncome": "-23746000", "otherOperatingExpense": "11619000", "interestExpense": "0", "taxProvision": "-2272000", "interestIncome": "None", "netInterestIncome": "None", "extraordinaryItems": "None", "nonRecurring": "22682000", "otherItems": "None", "incomeTaxExpense": "-2272000", "totalOtherIncomeExpense": "-20388000", "discontinuedOperations": "None", "netIncomeFromContinuingOperations": "-19180000", "netIncomeApplicableToCommonShares": "-19310000", "preferredStockAndOtherAdjustments": "None"}, {"fiscalDateEnding": "2015-12-31", "reportedCurrency": "USD", "totalRevenue": "272108000", "totalOperatingExpense": "133682000", "costOfRevenue": "156721000", "grossProfit": "115387000", "ebit": "-19764000", "netIncome": "-17842000", "researchAndDevelopment": "0", "effectOfAccountingCharges": "None", "incomeBeforeTax": "-19764000", "minorityInterest": "-415000", "sellingGeneralAdministrative": "120818000", "otherNonOperatingIncome": "-1469000", "operatingIncome": "-18295000", "otherOperatingExpense": "12864000", "interestExpense": "0", "taxProvision": "-1570000", "interestIncome": "-1065000", "netInterestIncome": "None", "extraordinaryItems": "-63000", "nonRecurring": "22682000", "otherItems": "None", "incomeTaxExpense": "-1570000", "totalOtherIncomeExpense": "-1469000", "discontinuedOperations": "-63000", "netIncomeFromContinuingOperations": "-18194000", "netIncomeApplicableToCommonShares": "-17842000", "preferredStockAndOtherAdjustments": "None"}], "quarterlyReports": [{"fiscalDateEnding": "2020-06-30", "reportedCurrency": "USD", "totalRevenue": "35415000", "totalOperatingExpense": "21134000", "costOfRevenue": "18659000", "grossProfit": "16756000", "ebit": "-3047000", "netIncome": "-3414000", "researchAndDevelopment": "None", "effectOfAccountingCharges": "None", "incomeBeforeTax": "-3047000", "minorityInterest": "None", "sellingGeneralAdministrative": "16997000", "otherNonOperatingIncome": "1331000", "operatingIncome": "-4378000", "otherOperatingExpense": "4137000", "interestExpense": "None", "taxProvision": "367000", "interestIncome": "None", "netInterestIncome": "None", "extraordinaryItems": "None", "nonRecurring": "None", "otherItems": "None", "incomeTaxExpense": "367000", "totalOtherIncomeExpense": "1331000", "discontinuedOperations": "None", "netIncomeFromContinuingOperations": "-3414000", "netIncomeApplicableToCommonShares": "-3414000", "preferredStockAndOtherAdjustments": "None"}, {"fiscalDateEnding": "2020-03-31", "reportedCurrency": "USD", "totalRevenue": "40343000", "totalOperatingExpense": "24111000", "costOfRevenue": "20992000", "grossProfit": "19351000", "ebit": "-3408000", "netIncome": "-1621000", "researchAndDevelopment": "None", "effectOfAccountingCharges": "None", "incomeBeforeTax": "-3408000", "minorityInterest": "None", "sellingGeneralAdministrative": "19016000", "otherNonOperatingIncome": "1352000", "operatingIncome": "-4760000", "otherOperatingExpense": "5095000", "interestExpense": "None", "taxProvision": "-1787000", "interestIncome": "None", "netInterestIncome": "None", "extraordinaryItems": "None", "nonRecurring": "None", "otherItems": "None", "incomeTaxExpense": "-1787000", "totalOtherIncomeExpense": "1357000", "discontinuedOperations": "None", "netIncomeFromContinuingOperations": "-1621000", "netIncomeApplicableToCommonShares": "-1621000", "preferredStockAndOtherAdjustments": "None"}, {"fiscalDateEnding": "2019-12-31", "reportedCurrency": "USD", "totalRevenue": "46802000", "totalOperatingExpense": "25743000", "costOfRevenue": "23473000", "grossProfit": "23329000", "ebit": "-1368000", "netIncome": "-1096000", "researchAndDevelopment": "None", "effectOfAccountingCharges": "None", "incomeBeforeTax": "-1368000", "minorityInterest": "None", "sellingGeneralAdministrative": "19678000", "otherNonOperatingIncome": "1046000", "operatingIncome": "-2414000", "otherOperatingExpense": "5949000", "interestExpense": "None", "taxProvision": "-272000", "interestIncome": "None", "netInterestIncome": "None", "extraordinaryItems": "None", "nonRecurring": "116000", "otherItems": "None", "incomeTaxExpense": "-272000", "totalOtherIncomeExpense": "924000", "discontinuedOperations": "None", "netIncomeFromContinuingOperations": "-1096000", "netIncomeApplicableToCommonShares": "-1096000", "preferredStockAndOtherAdjustments": "None"}, {"fiscalDateEnding": "2019-09-30", "reportedCurrency": "USD", "totalRevenue": "43057000", "totalOperatingExpense": "28860000", "costOfRevenue": "21171000", "grossProfit": "21886000", "ebit": "-5813000", "netIncome": "-4005000", "researchAndDevelopment": "None", "effectOfAccountingCharges": "None", "incomeBeforeTax": "-5813000", "minorityInterest": "None", "sellingGeneralAdministrative": "19504000", "otherNonOperatingIncome": "1161000", "operatingIncome": "-6974000", "otherOperatingExpense": "7763000", "interestExpense": "None", "taxProvision": "-1808000", "interestIncome": "None", "netInterestIncome": "None", "extraordinaryItems": "None", "nonRecurring": "1593000", "otherItems": "None", "incomeTaxExpense": "-1808000", "totalOtherIncomeExpense": "-1794000", "discontinuedOperations": "None", "netIncomeFromContinuingOperations": "-4005000", "netIncomeApplicableToCommonShares": "-4005000", "preferredStockAndOtherAdjustments": "None"}, {"fiscalDateEnding": "2019-06-30", "reportedCurrency": "USD", "totalRevenue": "47115000", "totalOperatingExpense": "415000", "costOfRevenue": "23845000", "grossProfit": "23270000", "ebit": "23988000", "netIncome": "16528000", "researchAndDevelopment": "None", "effectOfAccountingCharges": "None", "incomeBeforeTax": "23988000", "minorityInterest": "None", "sellingGeneralAdministrative": "19828000", "otherNonOperatingIncome": "1133000", "operatingIncome": "22855000", "otherOperatingExpense": "-19413000", "interestExpense": "None", "taxProvision": "7095000", "interestIncome": "None", "netInterestIncome": "None", "extraordinaryItems": "None", "nonRecurring": "None", "otherItems": "None", "incomeTaxExpense": "7460000", "totalOtherIncomeExpense": "27069000", "discontinuedOperations": "None", "netIncomeFromContinuingOperations": "16528000", "netIncomeApplicableToCommonShares": "16528000", "preferredStockAndOtherAdjustments": "None"}, {"fiscalDateEnding": "2019-03-31", "reportedCurrency": "USD", "totalRevenue": "46589000", "totalOperatingExpense": "28333000", "costOfRevenue": "22184000", "grossProfit": "24405000", "ebit": "-3099000", "netIncome": "-2135000", "researchAndDevelopment": "None", "effectOfAccountingCharges": "None", "incomeBeforeTax": "-3099000", "minorityInterest": "None", "sellingGeneralAdministrative": "21124000", "otherNonOperatingIncome": "829000", "operatingIncome": "-3928000", "otherOperatingExpense": "7209000", "interestExpense": "None", "taxProvision": "-143000", "interestIncome": "None", "netInterestIncome": "None", "extraordinaryItems": "None", "nonRecurring": "None", "otherItems": "None", "incomeTaxExpense": "-964000", "totalOtherIncomeExpense": "897000", "discontinuedOperations": "None", "netIncomeFromContinuingOperations": "-2135000", "netIncomeApplicableToCommonShares": "-2135000", "preferredStockAndOtherAdjustments": "None"}, {"fiscalDateEnding": "2018-12-31", "reportedCurrency": "USD", "totalRevenue": "52613000", "totalOperatingExpense": "63478000", "costOfRevenue": "7081000", "grossProfit": "45532000", "ebit": "-16696000", "netIncome": "-19637000", "researchAndDevelopment": "0", "effectOfAccountingCharges": "0", "incomeBeforeTax": "-16696000", "minorityInterest": "0", "sellingGeneralAdministrative": "21929000", "otherNonOperatingIncome": "1250000", "operatingIncome": "-17946000", "otherOperatingExpense": "24606000", "interestExpense": "0", "taxProvision": "16000", "interestIncome": "None", "netInterestIncome": "None", "extraordinaryItems": "-80000", "nonRecurring": "16943000", "otherItems": "0", "incomeTaxExpense": "2941000", "totalOtherIncomeExpense": "320000", "discontinuedOperations": "0", "netIncomeFromContinuingOperations": "-19637000", "netIncomeApplicableToCommonShares": "-19637000", "preferredStockAndOtherAdjustments": "None"}, {"fiscalDateEnding": "2018-09-30", "reportedCurrency": "USD", "totalRevenue": "49052000", "totalOperatingExpense": "23887000", "costOfRevenue": "26467000", "grossProfit": "22585000", "ebit": "-440000", "netIncome": "-1036000", "researchAndDevelopment": "0", "effectOfAccountingCharges": "0", "incomeBeforeTax": "-440000", "minorityInterest": "0", "sellingGeneralAdministrative": "21174000", "otherNonOperatingIncome": "862000", "operatingIncome": "-1302000", "otherOperatingExpense": "2713000", "interestExpense": "0", "taxProvision": "None", "interestIncome": "None", "netInterestIncome": "None", "extraordinaryItems": "0", "nonRecurring": "0", "otherItems": "0", "incomeTaxExpense": "596000", "totalOtherIncomeExpense": "-68000", "discontinuedOperations": "0", "netIncomeFromContinuingOperations": "-1036000", "netIncomeApplicableToCommonShares": "-1036000", "preferredStockAndOtherAdjustments": "None"}, {"fiscalDateEnding": "2018-06-30", "reportedCurrency": "USD", "totalRevenue": "51169000", "totalOperatingExpense": "24242000", "costOfRevenue": "28294000", "grossProfit": "22875000", "ebit": "-476000", "netIncome": "-534000", "researchAndDevelopment": "0", "effectOfAccountingCharges": "0", "incomeBeforeTax": "-476000", "minorityInterest": "0", "sellingGeneralAdministrative": "21529000", "otherNonOperatingIncome": "891000", "operatingIncome": "-1367000", "otherOperatingExpense": "2735000", "interestExpense": "0", "taxProvision": "None", "interestIncome": "None", "netInterestIncome": "None", "extraordinaryItems": "0", "nonRecurring": "-22000", "otherItems": "0", "incomeTaxExpense": "58000", "totalOtherIncomeExpense": "913000", "discontinuedOperations": "0", "netIncomeFromContinuingOperations": "-534000", "netIncomeApplicableToCommonShares": "-534000", "preferredStockAndOtherAdjustments": "None"}, {"fiscalDateEnding": "2018-03-31", "reportedCurrency": "USD", "totalRevenue": "49453000", "totalOperatingExpense": "27345000", "costOfRevenue": "28325000", "grossProfit": "21128000", "ebit": "-5329000", "netIncome": "-4014000", "researchAndDevelopment": "0", "effectOfAccountingCharges": "0", "incomeBeforeTax": "-5329000", "minorityInterest": "0", "sellingGeneralAdministrative": "24672000", "otherNonOperatingIncome": "888000", "operatingIncome": "-6217000", "otherOperatingExpense": "2673000", "interestExpense": "0", "taxProvision": "None", "interestIncome": "None", "netInterestIncome": "None", "extraordinaryItems": "0", "nonRecurring": "0", "otherItems": "0", "incomeTaxExpense": "-1315000", "totalOtherIncomeExpense": "888000", "discontinuedOperations": "0", "netIncomeFromContinuingOperations": "-4014000", "netIncomeApplicableToCommonShares": "-4014000", "preferredStockAndOtherAdjustments": "None"}, {"fiscalDateEnding": "2017-12-31", "reportedCurrency": "USD", "totalRevenue": "64077000", "totalOperatingExpense": "29436000", "costOfRevenue": "35091000", "grossProfit": "28986000", "ebit": "6295000", "netIncome": "12816000", "researchAndDevelopment": "0", "effectOfAccountingCharges": "0", "incomeBeforeTax": "6295000", "minorityInterest": "0", "sellingGeneralAdministrative": "23545000", "otherNonOperatingIncome": "6745000", "operatingIncome": "-450000", "otherOperatingExpense": "2775000", "interestExpense": "0", "taxProvision": "None", "interestIncome": "None", "netInterestIncome": "None", "extraordinaryItems": "0", "nonRecurring": "3116000", "otherItems": "0", "incomeTaxExpense": "-6521000", "totalOtherIncomeExpense": "10610000", "discontinuedOperations": "0", "netIncomeFromContinuingOperations": "12816000", "netIncomeApplicableToCommonShares": "12816000", "preferredStockAndOtherAdjustments": "None"}, {"fiscalDateEnding": "2017-09-30", "reportedCurrency": "USD", "totalRevenue": "60559000", "totalOperatingExpense": "32500000", "costOfRevenue": "33108000", "grossProfit": "27451000", "ebit": "2590000", "netIncome": "2580000", "researchAndDevelopment": "0", "effectOfAccountingCharges": "0", "incomeBeforeTax": "2590000", "minorityInterest": "0", "sellingGeneralAdministrative": "29693000", "otherNonOperatingIncome": "7639000", "operatingIncome": "-5049000", "otherOperatingExpense": "2807000", "interestExpense": "0", "taxProvision": "None", "interestIncome": "None", "netInterestIncome": "None", "extraordinaryItems": "0", "nonRecurring": "-10184000", "otherItems": "0", "incomeTaxExpense": "10000", "totalOtherIncomeExpense": "0", "discontinuedOperations": "0", "netIncomeFromContinuingOperations": "2580000", "netIncomeApplicableToCommonShares": "2580000", "preferredStockAndOtherAdjustments": "None"}, {"fiscalDateEnding": "2017-06-30", "reportedCurrency": "USD", "totalRevenue": "63089000", "totalOperatingExpense": "27779000", "costOfRevenue": "35729000", "grossProfit": "27360000", "ebit": "-512000", "netIncome": "-805000", "researchAndDevelopment": "0", "effectOfAccountingCharges": "0", "incomeBeforeTax": "-512000", "minorityInterest": "0", "sellingGeneralAdministrative": "24853000", "otherNonOperatingIncome": "-93000", "operatingIncome": "-419000", "otherOperatingExpense": "2926000", "interestExpense": "0", "taxProvision": "None", "interestIncome": "None", "netInterestIncome": "None", "extraordinaryItems": "0", "nonRecurring": "1976000", "otherItems": "0", "incomeTaxExpense": "293000", "totalOtherIncomeExpense": "0", "discontinuedOperations": "0", "netIncomeFromContinuingOperations": "-805000", "netIncomeApplicableToCommonShares": "-805000", "preferredStockAndOtherAdjustments": "None"}, {"fiscalDateEnding": "2017-03-31", "reportedCurrency": "USD", "totalRevenue": "60901000", "totalOperatingExpense": "30809000", "costOfRevenue": "34227000", "grossProfit": "26674000", "ebit": "-4472000", "netIncome": "-4430000", "researchAndDevelopment": "0", "effectOfAccountingCharges": "0", "incomeBeforeTax": "-4472000", "minorityInterest": "0", "sellingGeneralAdministrative": "27875000", "otherNonOperatingIncome": "-337000", "operatingIncome": "-4135000", "otherOperatingExpense": "2706000", "interestExpense": "0", "taxProvision": "None", "interestIncome": "None", "netInterestIncome": "None", "extraordinaryItems": "0", "nonRecurring": "228000", "otherItems": "0", "incomeTaxExpense": "-42000", "totalOtherIncomeExpense": "0", "discontinuedOperations": "0", "netIncomeFromContinuingOperations": "-4430000", "netIncomeApplicableToCommonShares": "-4430000", "preferredStockAndOtherAdjustments": "None"}, {"fiscalDateEnding": "2016-12-31", "reportedCurrency": "USD", "totalRevenue": "66095000", "totalOperatingExpense": "52488000", "costOfRevenue": "37742000", "grossProfit": "28353000", "ebit": "-22442000", "netIncome": "-18874000", "researchAndDevelopment": "0", "effectOfAccountingCharges": "0", "incomeBeforeTax": "-22442000", "minorityInterest": "65000", "sellingGeneralAdministrative": "26592000", "otherNonOperatingIncome": "1693000", "operatingIncome": "-24135000", "otherOperatingExpense": "3214000", "interestExpense": "0", "taxProvision": "None", "interestIncome": "None", "netInterestIncome": "None", "extraordinaryItems": "0", "nonRecurring": "22682000", "otherItems": "0", "incomeTaxExpense": "-3633000", "totalOtherIncomeExpense": "-20502000", "discontinuedOperations": "0", "netIncomeFromContinuingOperations": "-18809000", "netIncomeApplicableToCommonShares": "-18874000", "preferredStockAndOtherAdjustments": "None"}, {"fiscalDateEnding": "2016-09-30", "reportedCurrency": "USD", "totalRevenue": "64780000", "totalOperatingExpense": "28339000", "costOfRevenue": "36930000", "grossProfit": "27850000", "ebit": "-375000", "netIncome": "-497000", "researchAndDevelopment": "0", "effectOfAccountingCharges": "0", "incomeBeforeTax": "-375000", "minorityInterest": "45000", "sellingGeneralAdministrative": "25626000", "otherNonOperatingIncome": "114000", "operatingIncome": "-489000", "otherOperatingExpense": "2713000", "interestExpense": "0", "taxProvision": "None", "interestIncome": "None", "netInterestIncome": "None", "extraordinaryItems": "0", "nonRecurring": "-90728000", "otherItems": "0", "incomeTaxExpense": "77000", "totalOtherIncomeExpense": "-294000", "discontinuedOperations": "0", "netIncomeFromContinuingOperations": "-452000", "netIncomeApplicableToCommonShares": "-497000", "preferredStockAndOtherAdjustments": "None"}, {"fiscalDateEnding": "2016-06-30", "reportedCurrency": "USD", "totalRevenue": "66626000", "totalOperatingExpense": "27608000", "costOfRevenue": "36359000", "grossProfit": "30267000", "ebit": "3067000", "netIncome": "693000", "researchAndDevelopment": "0", "effectOfAccountingCharges": "0", "incomeBeforeTax": "3067000", "minorityInterest": "-19000", "sellingGeneralAdministrative": "24774000", "otherNonOperatingIncome": "408000", "operatingIncome": "2659000", "otherOperatingExpense": "2834000", "interestExpense": "0", "taxProvision": "None", "interestIncome": "None", "netInterestIncome": "None", "extraordinaryItems": "0", "nonRecurring": "22682000", "otherItems": "0", "incomeTaxExpense": "2393000", "totalOtherIncomeExpense": "329000", "discontinuedOperations": "0", "netIncomeFromContinuingOperations": "674000", "netIncomeApplicableToCommonShares": "693000", "preferredStockAndOtherAdjustments": "None"}, {"fiscalDateEnding": "2016-03-31", "reportedCurrency": "USD", "totalRevenue": "62483000", "totalOperatingExpense": "29875000", "costOfRevenue": "34389000", "grossProfit": "28094000", "ebit": "-1702000", "netIncome": "-632000", "researchAndDevelopment": "0", "effectOfAccountingCharges": "0", "incomeBeforeTax": "-1702000", "minorityInterest": "39000", "sellingGeneralAdministrative": "27017000", "otherNonOperatingIncome": "79000", "operatingIncome": "-1781000", "otherOperatingExpense": "2858000", "interestExpense": "0", "taxProvision": "None", "interestIncome": "None", "netInterestIncome": "None", "extraordinaryItems": "0", "nonRecurring": "0", "otherItems": "0", "incomeTaxExpense": "-1109000", "totalOtherIncomeExpense": "79000", "discontinuedOperations": "0", "netIncomeFromContinuingOperations": "-593000", "netIncomeApplicableToCommonShares": "-632000", "preferredStockAndOtherAdjustments": "None"}, {"fiscalDateEnding": "2015-12-31", "reportedCurrency": "USD", "totalRevenue": "73088000", "totalOperatingExpense": "42231000", "costOfRevenue": "40409000", "grossProfit": "32679000", "ebit": "-9821000", "netIncome": "-13657000", "researchAndDevelopment": "0", "effectOfAccountingCharges": "0", "incomeBeforeTax": "-9821000", "minorityInterest": "-196000", "sellingGeneralAdministrative": "39169000", "otherNonOperatingIncome": "-269000", "operatingIncome": "-9552000", "otherOperatingExpense": "3062000", "interestExpense": "0", "taxProvision": "None", "interestIncome": "None", "netInterestIncome": "None", "extraordinaryItems": "0", "nonRecurring": "22682000", "otherItems": "0", "incomeTaxExpense": "4031000", "totalOtherIncomeExpense": "-416000", "discontinuedOperations": "-1000", "netIncomeFromContinuingOperations": "-13852000", "netIncomeApplicableToCommonShares": "-13657000", "preferredStockAndOtherAdjustments": "None"}, {"fiscalDateEnding": "2015-09-30", "reportedCurrency": "USD", "totalRevenue": "66908000", "totalOperatingExpense": "32182000", "costOfRevenue": "37828000", "grossProfit": "29080000", "ebit": "-4155000", "netIncome": "-3956000", "researchAndDevelopment": "0", "effectOfAccountingCharges": "0", "incomeBeforeTax": "-4155000", "minorityInterest": "-63000", "sellingGeneralAdministrative": "29041000", "otherNonOperatingIncome": "-1053000", "operatingIncome": "-3102000", "otherOperatingExpense": "3141000", "interestExpense": "0", "taxProvision": "None", "interestIncome": "None", "netInterestIncome": "None", "extraordinaryItems": "0", "nonRecurring": "0", "otherItems": "0", "incomeTaxExpense": "-188000", "totalOtherIncomeExpense": "-1211000", "discontinuedOperations": "-52000", "netIncomeFromContinuingOperations": "-3967000", "netIncomeApplicableToCommonShares": "-3956000", "preferredStockAndOtherAdjustments": "None"}, {"fiscalDateEnding": "2015-06-30", "reportedCurrency": "USD", "totalRevenue": "66676000", "totalOperatingExpense": "28353000", "costOfRevenue": "38858000", "grossProfit": "27818000", "ebit": "-377000", "netIncome": "-592000", "researchAndDevelopment": "0", "effectOfAccountingCharges": "0", "incomeBeforeTax": "-377000", "minorityInterest": "-100000", "sellingGeneralAdministrative": "25105000", "otherNonOperatingIncome": "158000", "operatingIncome": "-535000", "otherOperatingExpense": "3248000", "interestExpense": "0", "taxProvision": "None", "interestIncome": "None", "netInterestIncome": "None", "extraordinaryItems": "0", "nonRecurring": "0", "otherItems": "0", "incomeTaxExpense": "317000", "totalOtherIncomeExpense": "463000", "discontinuedOperations": "2000", "netIncomeFromContinuingOperations": "-694000", "netIncomeApplicableToCommonShares": "-592000", "preferredStockAndOtherAdjustments": "None"}]}