{"symbol": "AHCO", "annualReports": [{"fiscalDateEnding": "2019-12-31", "reportedCurrency": "USD", "totalRevenue": "529644247", "totalOperatingExpense": "499947418", "costOfRevenue": "440386387", "grossProfit": "89257860", "ebit": "90141878", "netIncome": "-14995895", "researchAndDevelopment": "None", "effectOfAccountingCharges": "None", "incomeBeforeTax": "-11729110", "minorityInterest": "-14729012", "sellingGeneralAdministrative": "56492554", "otherNonOperatingIncome": "None", "operatingIncome": "29696829", "otherOperatingExpense": "None", "interestExpense": "39304488", "taxProvision": "1156002", "interestIncome": "-39304490", "netInterestIncome": "-39304488", "extraordinaryItems": "None", "nonRecurring": "None", "otherItems": "None", "incomeTaxExpense": "1156002", "totalOtherIncomeExpense": "-2121451", "discontinuedOperations": "None", "netIncomeFromContinuingOperations": "-12885112", "netIncomeApplicableToCommonShares": "-14995895", "preferredStockAndOtherAdjustments": "None"}, {"fiscalDateEnding": "2018-12-31", "reportedCurrency": "USD", "totalRevenue": "0", "totalOperatingExpense": "1233716", "costOfRevenue": "285202893", "grossProfit": "60075444", "ebit": "-1233716", "netIncome": "2086094", "researchAndDevelopment": "None", "effectOfAccountingCharges": "None", "incomeBeforeTax": "2915901", "minorityInterest": "2865125", "sellingGeneralAdministrative": "1036124", "otherNonOperatingIncome": "None", "operatingIncome": "-1233716", "otherOperatingExpense": "None", "interestExpense": "-7452737", "taxProvision": "829807", "interestIncome": "4149617", "netInterestIncome": "4149617", "extraordinaryItems": "None", "nonRecurring": "None", "otherItems": "None", "incomeTaxExpense": "-2097705", "totalOtherIncomeExpense": "-11251666", "discontinuedOperations": "None", "netIncomeFromContinuingOperations": "2086094", "netIncomeApplicableToCommonShares": "23260347", "preferredStockAndOtherAdjustments": "None"}, {"fiscalDateEnding": "2017-12-31", "reportedCurrency": "USD", "totalRevenue": "192559144", "totalOperatingExpense": "176471290", "costOfRevenue": "162900391", "grossProfit": "29658753", "ebit": "16087854", "netIncome": "9687397", "researchAndDevelopment": "None", "effectOfAccountingCharges": "None", "incomeBeforeTax": "10723043", "minorityInterest": "-34091883", "sellingGeneralAdministrative": "12288435", "otherNonOperatingIncome": "None", "operatingIncome": "16087854", "otherOperatingExpense": "None", "interestExpense": "-5041137", "taxProvision": "None", "interestIncome": "None", "netInterestIncome": "None", "extraordinaryItems": "None", "nonRecurring": "None", "otherItems": "None", "incomeTaxExpense": "248808", "totalOtherIncomeExpense": "-5364811", "discontinuedOperations": "-206632", "netIncomeFromContinuingOperations": "10474235", "netIncomeApplicableToCommonShares": "9687397", "preferredStockAndOtherAdjustments": "None"}, {"fiscalDateEnding": "2016-12-31", "reportedCurrency": "USD", "totalRevenue": "174316366", "totalOperatingExpense": "171993854", "costOfRevenue": "158689039", "grossProfit": "15627327", "ebit": "2322512", "netIncome": "-4183323", "researchAndDevelopment": "None", "effectOfAccountingCharges": "None", "incomeBeforeTax": "-3438844", "minorityInterest": "-34091883", "sellingGeneralAdministrative": "11396785", "otherNonOperatingIncome": "None", "operatingIncome": "2322512", "otherOperatingExpense": "None", "interestExpense": "-5761356", "taxProvision": "None", "interestIncome": "None", "netInterestIncome": "None", "extraordinaryItems": "None", "nonRecurring": "None", "otherItems": "None", "incomeTaxExpense": "-208445", "totalOtherIncomeExpense": "-5761356", "discontinuedOperations": "-389899", "netIncomeFromContinuingOperations": "-3230399", "netIncomeApplicableToCommonShares": "-4183323", "preferredStockAndOtherAdjustments": "None"}], "quarterlyReports": [{"fiscalDateEnding": "2020-06-30", "reportedCurrency": "USD", "totalRevenue": "232116000", "totalOperatingExpense": "215646000", "costOfRevenue": "197517000", "grossProfit": "34599000", "ebit": "34843846", "netIncome": "4033000", "researchAndDevelopment": "None", "effectOfAccountingCharges": "None", "incomeBeforeTax": "8988000", "minorityInterest": "-15285000", "sellingGeneralAdministrative": "17092000", "otherNonOperatingIncome": "None", "operatingIncome": "16470000", "otherOperatingExpense": "None", "interestExpense": "7482000", "taxProvision": "1819000", "interestIncome": "None", "netInterestIncome": "-7482000", "extraordinaryItems": "None", "nonRecurring": "None", "otherItems": "None", "incomeTaxExpense": "1819000", "totalOtherIncomeExpense": "None", "discontinuedOperations": "None", "netIncomeFromContinuingOperations": "7169000", "netIncomeApplicableToCommonShares": "4033000", "preferredStockAndOtherAdjustments": "None"}, {"fiscalDateEnding": "2020-03-31", "reportedCurrency": "USD", "totalRevenue": "191439034", "totalOperatingExpense": "182128446", "costOfRevenue": "166539690", "grossProfit": "24899344", "ebit": "26050742", "netIncome": "-158162", "researchAndDevelopment": "None", "effectOfAccountingCharges": "None", "incomeBeforeTax": "1372345", "minorityInterest": "-18791271", "sellingGeneralAdministrative": "14346919", "otherNonOperatingIncome": "None", "operatingIncome": "9310588", "otherOperatingExpense": "None", "interestExpense": "7938243", "taxProvision": "1106722", "interestIncome": "-7938240", "netInterestIncome": "-7938243", "extraordinaryItems": "None", "nonRecurring": "None", "otherItems": "None", "incomeTaxExpense": "1106722", "totalOtherIncomeExpense": "None", "discontinuedOperations": "None", "netIncomeFromContinuingOperations": "265623", "netIncomeApplicableToCommonShares": "-158162", "preferredStockAndOtherAdjustments": "None"}, {"fiscalDateEnding": "2019-12-31", "reportedCurrency": "USD", "totalRevenue": "529644247", "totalOperatingExpense": "496511849", "costOfRevenue": "123212000", "grossProfit": "26329000", "ebit": "31010947", "netIncome": "-14999532", "researchAndDevelopment": "None", "effectOfAccountingCharges": "None", "incomeBeforeTax": "-12607102", "minorityInterest": "-14729012", "sellingGeneralAdministrative": "53206900", "otherNonOperatingIncome": "None", "operatingIncome": "33132398", "otherOperatingExpense": "None", "interestExpense": "7653000", "taxProvision": "281647", "interestIncome": "-39304490", "netInterestIncome": "-43618049", "extraordinaryItems": "None", "nonRecurring": "None", "otherItems": "None", "incomeTaxExpense": "-4287533", "totalOtherIncomeExpense": "-16754779", "discontinuedOperations": "None", "netIncomeFromContinuingOperations": "-12888749", "netIncomeApplicableToCommonShares": "-3425801", "preferredStockAndOtherAdjustments": "None"}, {"fiscalDateEnding": "2019-09-30", "reportedCurrency": "USD", "totalRevenue": "0", "totalOperatingExpense": "1245246", "costOfRevenue": "111930653", "grossProfit": "24521022", "ebit": "-1245246", "netIncome": "-154473", "researchAndDevelopment": "None", "effectOfAccountingCharges": "None", "incomeBeforeTax": "122188", "minorityInterest": "2862609", "sellingGeneralAdministrative": "1195246", "otherNonOperatingIncome": "None", "operatingIncome": "-1245246", "otherOperatingExpense": "None", "interestExpense": "-10756027", "taxProvision": "276661", "interestIncome": "1367434", "netInterestIncome": "1367434", "extraordinaryItems": "None", "nonRecurring": "None", "otherItems": "None", "incomeTaxExpense": "1026689", "totalOtherIncomeExpense": "-18956027", "discontinuedOperations": "None", "netIncomeFromContinuingOperations": "-154473", "netIncomeApplicableToCommonShares": "-3686235", "preferredStockAndOtherAdjustments": "None"}, {"fiscalDateEnding": "2019-06-30", "reportedCurrency": "USD", "totalRevenue": "0", "totalOperatingExpense": "1848965", "costOfRevenue": "98836477", "grossProfit": "22989532", "ebit": "-1848965", "netIncome": "-667488", "researchAndDevelopment": "None", "effectOfAccountingCharges": "None", "incomeBeforeTax": "-366877", "minorityInterest": "2862609", "sellingGeneralAdministrative": "1798965", "otherNonOperatingIncome": "None", "operatingIncome": "-1848965", "otherOperatingExpense": "None", "interestExpense": "-10447276", "taxProvision": "300611", "interestIncome": "1482088", "netInterestIncome": "1482088", "extraordinaryItems": "None", "nonRecurring": "None", "otherItems": "None", "incomeTaxExpense": "2208423", "totalOtherIncomeExpense": "-11508002", "discontinuedOperations": "None", "netIncomeFromContinuingOperations": "-667488", "netIncomeApplicableToCommonShares": "-3686235", "preferredStockAndOtherAdjustments": "None"}, {"fiscalDateEnding": "2019-03-31", "reportedCurrency": "USD", "totalRevenue": "119498270", "totalOperatingExpense": "341358", "costOfRevenue": "100226880", "grossProfit": "19271390", "ebit": "-341358", "netIncome": "825598", "researchAndDevelopment": "None", "effectOfAccountingCharges": "None", "incomeBeforeTax": "1122681", "minorityInterest": "2862609", "sellingGeneralAdministrative": "291443", "otherNonOperatingIncome": "None", "operatingIncome": "-341358", "otherOperatingExpense": "None", "interestExpense": "-10447276", "taxProvision": "297083", "interestIncome": "1464039", "netInterestIncome": "1464039", "extraordinaryItems": "None", "nonRecurring": "None", "otherItems": "None", "incomeTaxExpense": "2418441", "totalOtherIncomeExpense": "-11508002", "discontinuedOperations": "None", "netIncomeFromContinuingOperations": "825598", "netIncomeApplicableToCommonShares": "-5800317", "preferredStockAndOtherAdjustments": "None"}, {"fiscalDateEnding": "2018-12-31", "reportedCurrency": "USD", "totalRevenue": "105404420", "totalOperatingExpense": "96128353", "costOfRevenue": "88050989", "grossProfit": "17353431", "ebit": "9276067", "netIncome": "7949459", "researchAndDevelopment": "None", "effectOfAccountingCharges": "None", "incomeBeforeTax": "7095540", "minorityInterest": "-10505523", "sellingGeneralAdministrative": "7338106", "otherNonOperatingIncome": "None", "operatingIncome": "9276067", "otherOperatingExpense": "None", "interestExpense": "-2180527", "taxProvision": "None", "interestIncome": "None", "netInterestIncome": "None", "extraordinaryItems": "None", "nonRecurring": "None", "otherItems": "None", "incomeTaxExpense": "-1200278", "totalOtherIncomeExpense": "-2180527", "discontinuedOperations": "None", "netIncomeFromContinuingOperations": "8295817", "netIncomeApplicableToCommonShares": "7949459", "preferredStockAndOtherAdjustments": "None"}, {"fiscalDateEnding": "2018-09-30", "reportedCurrency": "USD", "totalRevenue": "102156446", "totalOperatingExpense": "90878058", "costOfRevenue": "84287124", "grossProfit": "17869322", "ebit": "11278388", "netIncome": "12395048", "researchAndDevelopment": "None", "effectOfAccountingCharges": "None", "incomeBeforeTax": "7870272", "minorityInterest": "-270619372", "sellingGeneralAdministrative": "5553232", "otherNonOperatingIncome": "None", "operatingIncome": "11278388", "otherOperatingExpense": "None", "interestExpense": "-2108116", "taxProvision": "None", "interestIncome": "None", "netInterestIncome": "None", "extraordinaryItems": "None", "nonRecurring": "None", "otherItems": "None", "incomeTaxExpense": "-4821621", "totalOtherIncomeExpense": "-3408116", "discontinuedOperations": "None", "netIncomeFromContinuingOperations": "12691893", "netIncomeApplicableToCommonShares": "12395048", "preferredStockAndOtherAdjustments": "None"}]}