{"symbol": "AHH", "annualReports": [{"fiscalDateEnding": "2019-12-31", "reportedCurrency": "USD", "totalRevenue": "261897000", "totalOperatingExpense": "219260000", "costOfRevenue": "150831000", "grossProfit": "261897000", "ebit": "39896000", "netIncome": "24053000", "researchAndDevelopment": "None", "effectOfAccountingCharges": "None", "incomeBeforeTax": "31767000", "minorityInterest": "8205000", "sellingGeneralAdministrative": "27353000", "otherNonOperatingIncome": "-2741000", "operatingIncome": "42637000", "otherOperatingExpense": "190811000", "interestExpense": "7561000", "taxProvision": "-491000", "interestIncome": "23215000", "netInterestIncome": "-8129000", "extraordinaryItems": "None", "nonRecurring": "1096000", "otherItems": "None", "incomeTaxExpense": "6668000", "totalOtherIncomeExpense": "862000", "discontinuedOperations": "None", "netIncomeFromContinuingOperations": "25099000", "netIncomeApplicableToCommonShares": "21598000", "preferredStockAndOtherAdjustments": "2455000"}, {"fiscalDateEnding": "2018-12-31", "reportedCurrency": "USD", "totalRevenue": "193317000", "totalOperatingExpense": "163577000", "costOfRevenue": "112233000", "grossProfit": "81084000", "ebit": "82463000", "netIncome": "17203000", "researchAndDevelopment": "0", "effectOfAccountingCharges": "None", "incomeBeforeTax": "23463000", "minorityInterest": "4462000", "sellingGeneralAdministrative": "11431000", "otherNonOperatingIncome": "-202000", "operatingIncome": "29740000", "otherOperatingExpense": "113541000", "interestExpense": "19087000", "taxProvision": "-29000", "interestIncome": "10729000", "netInterestIncome": "-8358000", "extraordinaryItems": "None", "nonRecurring": "1971000", "otherItems": "None", "incomeTaxExpense": "-29000", "totalOtherIncomeExpense": "2081000", "discontinuedOperations": "None", "netIncomeFromContinuingOperations": "23492000", "netIncomeApplicableToCommonShares": "23492000", "preferredStockAndOtherAdjustments": "None"}, {"fiscalDateEnding": "2017-12-31", "reportedCurrency": "USD", "totalRevenue": "302771000", "totalOperatingExpense": "270296000", "costOfRevenue": "222540000", "grossProfit": "80231000", "ebit": "85410000", "netIncome": "21047000", "researchAndDevelopment": "0", "effectOfAccountingCharges": "None", "incomeBeforeTax": "30650000", "minorityInterest": "4462000", "sellingGeneralAdministrative": "10435000", "otherNonOperatingIncome": "9295000", "operatingIncome": "32475000", "otherOperatingExpense": "223911000", "interestExpense": "17439000", "taxProvision": "725000", "interestIncome": "7077000", "netInterestIncome": "-10362000", "extraordinaryItems": "-200000", "nonRecurring": "758000", "otherItems": "None", "incomeTaxExpense": "725000", "totalOtherIncomeExpense": "8537000", "discontinuedOperations": "None", "netIncomeFromContinuingOperations": "29925000", "netIncomeApplicableToCommonShares": "29925000", "preferredStockAndOtherAdjustments": "None"}, {"fiscalDateEnding": "2016-12-31", "reportedCurrency": "USD", "totalRevenue": "258385000", "totalOperatingExpense": "231706000", "costOfRevenue": "184908000", "grossProfit": "258385000", "ebit": "25803000", "netIncome": "28074000", "researchAndDevelopment": "0", "effectOfAccountingCharges": "None", "incomeBeforeTax": "43098000", "minorityInterest": "14681000", "sellingGeneralAdministrative": "41085000", "otherNonOperatingIncome": "-876000", "operatingIncome": "26679000", "otherOperatingExpense": "188703000", "interestExpense": "13238000", "taxProvision": "343000", "interestIncome": "3228000", "netInterestIncome": "-13238000", "extraordinaryItems": "None", "nonRecurring": "1918000", "otherItems": "None", "incomeTaxExpense": "15024000", "totalOtherIncomeExpense": "27739000", "discontinuedOperations": "None", "netIncomeFromContinuingOperations": "28074000", "netIncomeApplicableToCommonShares": "28074000", "preferredStockAndOtherAdjustments": "None"}, {"fiscalDateEnding": "2015-12-31", "reportedCurrency": "USD", "totalRevenue": "252440000", "totalOperatingExpense": "225856000", "costOfRevenue": "192330000", "grossProfit": "252440000", "ebit": "25962000", "netIncome": "19642000", "researchAndDevelopment": "0", "effectOfAccountingCharges": "None", "incomeBeforeTax": "31149000", "minorityInterest": "11541000", "sellingGeneralAdministrative": "35383000", "otherNonOperatingIncome": "-622000", "operatingIncome": "26584000", "otherOperatingExpense": "188497000", "interestExpense": "13207000", "taxProvision": "-34000", "interestIncome": "-13436000", "netInterestIncome": "None", "extraordinaryItems": "None", "nonRecurring": "1976000", "otherItems": "None", "incomeTaxExpense": "-34000", "totalOtherIncomeExpense": "4524000", "discontinuedOperations": "None", "netIncomeFromContinuingOperations": "31183000", "netIncomeApplicableToCommonShares": "19642000", "preferredStockAndOtherAdjustments": "None"}], "quarterlyReports": [{"fiscalDateEnding": "2020-06-30", "reportedCurrency": "USD", "totalRevenue": "100089000", "totalOperatingExpense": "17296000", "costOfRevenue": "67884000", "grossProfit": "32205000", "ebit": "15072000", "netIncome": "9302000", "researchAndDevelopment": "None", "effectOfAccountingCharges": "None", "incomeBeforeTax": "12374000", "minorityInterest": "3007000", "sellingGeneralAdministrative": "2988000", "otherNonOperatingIncome": "280000", "operatingIncome": "14792000", "otherOperatingExpense": "13806000", "interestExpense": "2587000", "taxProvision": "65000", "interestIncome": "4412000", "netInterestIncome": "-2815000", "extraordinaryItems": "None", "nonRecurring": "502000", "otherItems": "None", "incomeTaxExpense": "2667000", "totalOtherIncomeExpense": "2554000", "discontinuedOperations": "None", "netIncomeFromContinuingOperations": "9707000", "netIncomeApplicableToCommonShares": "8127000", "preferredStockAndOtherAdjustments": "1175000"}, {"fiscalDateEnding": "2020-03-31", "reportedCurrency": "USD", "totalRevenue": "89557000", "totalOperatingExpense": "18404000", "costOfRevenue": "59258000", "grossProfit": "30299000", "ebit": "10217000", "netIncome": "6992000", "researchAndDevelopment": "None", "effectOfAccountingCharges": "None", "incomeBeforeTax": "8878000", "minorityInterest": "2143000", "sellingGeneralAdministrative": "3793000", "otherNonOperatingIncome": "-1678000", "operatingIncome": "11895000", "otherOperatingExpense": "14426000", "interestExpense": "733000", "taxProvision": "-257000", "interestIncome": "7226000", "netInterestIncome": "-962000", "extraordinaryItems": "None", "nonRecurring": "185000", "otherItems": "None", "incomeTaxExpense": "-58000", "totalOtherIncomeExpense": "-1863000", "discontinuedOperations": "None", "netIncomeFromContinuingOperations": "8936000", "netIncomeApplicableToCommonShares": "5925000", "preferredStockAndOtherAdjustments": "1067000"}, {"fiscalDateEnding": "2019-12-31", "reportedCurrency": "USD", "totalRevenue": "81573000", "totalOperatingExpense": "72150000", "costOfRevenue": "52602000", "grossProfit": "81573000", "ebit": "9909000", "netIncome": "6290000", "researchAndDevelopment": "None", "effectOfAccountingCharges": "None", "incomeBeforeTax": "7703000", "minorityInterest": "1565000", "sellingGeneralAdministrative": "-17411000", "otherNonOperatingIncome": "486000", "operatingIncome": "9423000", "otherOperatingExpense": "89122000", "interestExpense": "1866000", "taxProvision": "-152000", "interestIncome": "6593000", "netInterestIncome": "-2206000", "extraordinaryItems": "None", "nonRecurring": "546000", "otherItems": "None", "incomeTaxExpense": "1820000", "totalOtherIncomeExpense": "-60000", "discontinuedOperations": "None", "netIncomeFromContinuingOperations": "5883000", "netIncomeApplicableToCommonShares": "5223000", "preferredStockAndOtherAdjustments": "1067000"}, {"fiscalDateEnding": "2019-09-30", "reportedCurrency": "USD", "totalRevenue": "69858000", "totalOperatingExpense": "59086000", "costOfRevenue": "40550000", "grossProfit": "29308000", "ebit": "36479000", "netIncome": "8313000", "researchAndDevelopment": "None", "effectOfAccountingCharges": "None", "incomeBeforeTax": "11864000", "minorityInterest": "5510000", "sellingGeneralAdministrative": "2977000", "otherNonOperatingIncome": "-168000", "operatingIncome": "10772000", "otherOperatingExpense": "41898000", "interestExpense": "9056000", "taxProvision": "-199000", "interestIncome": "5710000", "netInterestIncome": "-3346000", "extraordinaryItems": "None", "nonRecurring": "93000", "otherItems": "None", "incomeTaxExpense": "-199000", "totalOtherIncomeExpense": "4438000", "discontinuedOperations": "None", "netIncomeFromContinuingOperations": "12063000", "netIncomeApplicableToCommonShares": "9869000", "preferredStockAndOtherAdjustments": "1234000"}, {"fiscalDateEnding": "2019-06-30", "reportedCurrency": "USD", "totalRevenue": "57822000", "totalOperatingExpense": "48030000", "costOfRevenue": "31601000", "grossProfit": "26221000", "ebit": "26877000", "netIncome": "4566000", "researchAndDevelopment": "None", "effectOfAccountingCharges": "None", "incomeBeforeTax": "5796000", "minorityInterest": "1260000", "sellingGeneralAdministrative": "2951000", "otherNonOperatingIncome": "-1929000", "operatingIncome": "9792000", "otherOperatingExpense": "33601000", "interestExpense": "7603000", "taxProvision": "-30000", "interestIncome": "5593000", "netInterestIncome": "-2010000", "extraordinaryItems": "None", "nonRecurring": "57000", "otherItems": "None", "incomeTaxExpense": "327000", "totalOtherIncomeExpense": "-1986000", "discontinuedOperations": "None", "netIncomeFromContinuingOperations": "5826000", "netIncomeApplicableToCommonShares": "4412000", "preferredStockAndOtherAdjustments": "154000"}, {"fiscalDateEnding": "2019-03-31", "reportedCurrency": "USD", "totalRevenue": "47945000", "totalOperatingExpense": "39844000", "costOfRevenue": "26139000", "grossProfit": "47945000", "ebit": "6971000", "netIncome": "4884000", "researchAndDevelopment": "None", "effectOfAccountingCharges": "None", "incomeBeforeTax": "6404000", "minorityInterest": "1630000", "sellingGeneralAdministrative": "13254000", "otherNonOperatingIncome": "-1130000", "operatingIncome": "8101000", "otherOperatingExpense": "26190000", "interestExpense": "567000", "taxProvision": "-110000", "interestIncome": "-1757000", "netInterestIncome": "-567000", "extraordinaryItems": "None", "nonRecurring": "400000", "otherItems": "None", "incomeTaxExpense": "1287000", "totalOtherIncomeExpense": "-1530000", "discontinuedOperations": "None", "netIncomeFromContinuingOperations": "5117000", "netIncomeApplicableToCommonShares": "4884000", "preferredStockAndOtherAdjustments": "None"}, {"fiscalDateEnding": "2018-12-31", "reportedCurrency": "USD", "totalRevenue": "47690000", "totalOperatingExpense": "38629000", "costOfRevenue": "22512000", "grossProfit": "47690000", "ebit": "7381000", "netIncome": "3642000", "researchAndDevelopment": "0", "effectOfAccountingCharges": "0", "incomeBeforeTax": "5418000", "minorityInterest": "1253000", "sellingGeneralAdministrative": "13507000", "otherNonOperatingIncome": "-1680000", "operatingIncome": "9061000", "otherOperatingExpense": "23414000", "interestExpense": "1963000", "taxProvision": "None", "interestIncome": "None", "netInterestIncome": "None", "extraordinaryItems": "0", "nonRecurring": "1708000", "otherItems": "0", "incomeTaxExpense": "4920000", "totalOtherIncomeExpense": "-1279000", "discontinuedOperations": "0", "netIncomeFromContinuingOperations": "498000", "netIncomeApplicableToCommonShares": "3642000", "preferredStockAndOtherAdjustments": "None"}, {"fiscalDateEnding": "2018-09-30", "reportedCurrency": "USD", "totalRevenue": "48880000", "totalOperatingExpense": "41551000", "costOfRevenue": "28985000", "grossProfit": "48880000", "ebit": "7681000", "netIncome": "4202000", "researchAndDevelopment": "0", "effectOfAccountingCharges": "0", "incomeBeforeTax": "5549000", "minorityInterest": "1467000", "sellingGeneralAdministrative": "12310000", "otherNonOperatingIncome": "352000", "operatingIncome": "7329000", "otherOperatingExpense": "29169000", "interestExpense": "2132000", "taxProvision": "None", "interestIncome": "None", "netInterestIncome": "None", "extraordinaryItems": "0", "nonRecurring": "72000", "otherItems": "0", "incomeTaxExpense": "1330000", "totalOtherIncomeExpense": "-1783000", "discontinuedOperations": "0", "netIncomeFromContinuingOperations": "4219000", "netIncomeApplicableToCommonShares": "4202000", "preferredStockAndOtherAdjustments": "None"}, {"fiscalDateEnding": "2018-06-30", "reportedCurrency": "USD", "totalRevenue": "49252000", "totalOperatingExpense": "41394000", "costOfRevenue": "29353000", "grossProfit": "49252000", "ebit": "7901000", "netIncome": "4319000", "researchAndDevelopment": "0", "effectOfAccountingCharges": "0", "incomeBeforeTax": "5779000", "minorityInterest": "1626000", "sellingGeneralAdministrative": "12021000", "otherNonOperatingIncome": "43000", "operatingIncome": "7858000", "otherOperatingExpense": "29266000", "interestExpense": "2122000", "taxProvision": "None", "interestIncome": "None", "netInterestIncome": "None", "extraordinaryItems": "0", "nonRecurring": "107000", "otherItems": "0", "incomeTaxExpense": "-166000", "totalOtherIncomeExpense": "-2177000", "discontinuedOperations": "0", "netIncomeFromContinuingOperations": "5945000", "netIncomeApplicableToCommonShares": "4319000", "preferredStockAndOtherAdjustments": "None"}, {"fiscalDateEnding": "2018-03-31", "reportedCurrency": "USD", "totalRevenue": "51749000", "totalOperatingExpense": "43974000", "costOfRevenue": "31735000", "grossProfit": "51749000", "ebit": "8858000", "netIncome": "5040000", "researchAndDevelopment": "0", "effectOfAccountingCharges": "0", "incomeBeforeTax": "6717000", "minorityInterest": "1943000", "sellingGeneralAdministrative": "12198000", "otherNonOperatingIncome": "1083000", "operatingIncome": "7775000", "otherOperatingExpense": "31692000", "interestExpense": "2141000", "taxProvision": "None", "interestIncome": "None", "netInterestIncome": "None", "extraordinaryItems": "0", "nonRecurring": "84000", "otherItems": "0", "incomeTaxExpense": "-266000", "totalOtherIncomeExpense": "-1058000", "discontinuedOperations": "0", "netIncomeFromContinuingOperations": "6983000", "netIncomeApplicableToCommonShares": "5040000", "preferredStockAndOtherAdjustments": "None"}, {"fiscalDateEnding": "2017-12-31", "reportedCurrency": "USD", "totalRevenue": "60297000", "totalOperatingExpense": "53293000", "costOfRevenue": "50449000", "grossProfit": "60297000", "ebit": "15845000", "netIncome": "4152000", "researchAndDevelopment": "0", "effectOfAccountingCharges": "0", "incomeBeforeTax": "5712000", "minorityInterest": "1616000", "sellingGeneralAdministrative": "11757000", "otherNonOperatingIncome": "8841000", "operatingIncome": "7004000", "otherOperatingExpense": "41305000", "interestExpense": "2046000", "taxProvision": "None", "interestIncome": "None", "netInterestIncome": "None", "extraordinaryItems": "0", "nonRecurring": "231000", "otherItems": "0", "incomeTaxExpense": "8822000", "totalOtherIncomeExpense": "-1177000", "discontinuedOperations": "0", "netIncomeFromContinuingOperations": "-3110000", "netIncomeApplicableToCommonShares": "4152000", "preferredStockAndOtherAdjustments": "None"}, {"fiscalDateEnding": "2017-09-30", "reportedCurrency": "USD", "totalRevenue": "68297000", "totalOperatingExpense": "60317000", "costOfRevenue": "58158000", "grossProfit": "68297000", "ebit": "8141000", "netIncome": "7488000", "researchAndDevelopment": "0", "effectOfAccountingCharges": "0", "incomeBeforeTax": "10490000", "minorityInterest": "2973000", "sellingGeneralAdministrative": "11621000", "otherNonOperatingIncome": "161000", "operatingIncome": "7980000", "otherOperatingExpense": "48616000", "interestExpense": "2343000", "taxProvision": "None", "interestIncome": "None", "netInterestIncome": "None", "extraordinaryItems": "0", "nonRecurring": "80000", "otherItems": "0", "incomeTaxExpense": "29000", "totalOtherIncomeExpense": "0", "discontinuedOperations": "0", "netIncomeFromContinuingOperations": "10461000", "netIncomeApplicableToCommonShares": "7488000", "preferredStockAndOtherAdjustments": "None"}, {"fiscalDateEnding": "2017-06-30", "reportedCurrency": "USD", "totalRevenue": "83426000", "totalOperatingExpense": "75159000", "costOfRevenue": "72112000", "grossProfit": "83426000", "ebit": "8229000", "netIncome": "3471000", "researchAndDevelopment": "0", "effectOfAccountingCharges": "0", "incomeBeforeTax": "5393000", "minorityInterest": "1472000", "sellingGeneralAdministrative": "11444000", "otherNonOperatingIncome": "-38000", "operatingIncome": "8267000", "otherOperatingExpense": "63319000", "interestExpense": "2836000", "taxProvision": "None", "interestIncome": "None", "netInterestIncome": "None", "extraordinaryItems": "0", "nonRecurring": "396000", "otherItems": "0", "incomeTaxExpense": "450000", "totalOtherIncomeExpense": "0", "discontinuedOperations": "0", "netIncomeFromContinuingOperations": "4943000", "netIncomeApplicableToCommonShares": "3471000", "preferredStockAndOtherAdjustments": "None"}, {"fiscalDateEnding": "2017-03-31", "reportedCurrency": "USD", "totalRevenue": "90751000", "totalOperatingExpense": "82285000", "costOfRevenue": "79252000", "grossProfit": "90751000", "ebit": "8797000", "netIncome": "5936000", "researchAndDevelopment": "0", "effectOfAccountingCharges": "0", "incomeBeforeTax": "9055000", "minorityInterest": "2817000", "sellingGeneralAdministrative": "11563000", "otherNonOperatingIncome": "331000", "operatingIncome": "8466000", "otherOperatingExpense": "70671000", "interestExpense": "3137000", "taxProvision": "None", "interestIncome": "None", "netInterestIncome": "None", "extraordinaryItems": "0", "nonRecurring": "51000", "otherItems": "0", "incomeTaxExpense": "302000", "totalOtherIncomeExpense": "0", "discontinuedOperations": "0", "netIncomeFromContinuingOperations": "8753000", "netIncomeApplicableToCommonShares": "5936000", "preferredStockAndOtherAdjustments": "None"}, {"fiscalDateEnding": "2016-12-31", "reportedCurrency": "USD", "totalRevenue": "76991000", "totalOperatingExpense": "69879000", "costOfRevenue": "67114000", "grossProfit": "76991000", "ebit": "8428000", "netIncome": "3458000", "researchAndDevelopment": "0", "effectOfAccountingCharges": "0", "incomeBeforeTax": "5248000", "minorityInterest": "1687000", "sellingGeneralAdministrative": "10900000", "otherNonOperatingIncome": "1316000", "operatingIncome": "7112000", "otherOperatingExpense": "58731000", "interestExpense": "3273000", "taxProvision": "None", "interestIncome": "None", "netInterestIncome": "None", "extraordinaryItems": "0", "nonRecurring": "248000", "otherItems": "0", "incomeTaxExpense": "10953000", "totalOtherIncomeExpense": "16064000", "discontinuedOperations": "0", "netIncomeFromContinuingOperations": "-5705000", "netIncomeApplicableToCommonShares": "3458000", "preferredStockAndOtherAdjustments": "None"}, {"fiscalDateEnding": "2016-09-30", "reportedCurrency": "USD", "totalRevenue": "63857000", "totalOperatingExpense": "56999000", "costOfRevenue": "54498000", "grossProfit": "63857000", "ebit": "7309000", "netIncome": "5212000", "researchAndDevelopment": "0", "effectOfAccountingCharges": "0", "incomeBeforeTax": "7962000", "minorityInterest": "2734000", "sellingGeneralAdministrative": "10346000", "otherNonOperatingIncome": "451000", "operatingIncome": "6858000", "otherOperatingExpense": "46159000", "interestExpense": "3100000", "taxProvision": "None", "interestIncome": "None", "netInterestIncome": "None", "extraordinaryItems": "0", "nonRecurring": "494000", "otherItems": "0", "incomeTaxExpense": "2750000", "totalOtherIncomeExpense": "0", "discontinuedOperations": "0", "netIncomeFromContinuingOperations": "5212000", "netIncomeApplicableToCommonShares": "5212000", "preferredStockAndOtherAdjustments": "None"}, {"fiscalDateEnding": "2016-06-30", "reportedCurrency": "USD", "totalRevenue": "57451000", "totalOperatingExpense": "50741000", "costOfRevenue": "48080000", "grossProfit": "57451000", "ebit": "6380000", "netIncome": "2034000", "researchAndDevelopment": "0", "effectOfAccountingCharges": "0", "incomeBeforeTax": "3137000", "minorityInterest": "1097000", "sellingGeneralAdministrative": "9677000", "otherNonOperatingIncome": "-330000", "operatingIncome": "6710000", "otherOperatingExpense": "40627000", "interestExpense": "3256000", "taxProvision": "None", "interestIncome": "None", "netInterestIncome": "None", "extraordinaryItems": "0", "nonRecurring": "437000", "otherItems": "0", "incomeTaxExpense": "1103000", "totalOtherIncomeExpense": "0", "discontinuedOperations": "0", "netIncomeFromContinuingOperations": "2034000", "netIncomeApplicableToCommonShares": "2034000", "preferredStockAndOtherAdjustments": "None"}, {"fiscalDateEnding": "2016-03-31", "reportedCurrency": "USD", "totalRevenue": "60086000", "totalOperatingExpense": "54087000", "costOfRevenue": "50899000", "grossProfit": "60086000", "ebit": "3686000", "netIncome": "17370000", "researchAndDevelopment": "0", "effectOfAccountingCharges": "0", "incomeBeforeTax": "26751000", "minorityInterest": "9163000", "sellingGeneralAdministrative": "10162000", "otherNonOperatingIncome": "-2313000", "operatingIncome": "5999000", "otherOperatingExpense": "43186000", "interestExpense": "3609000", "taxProvision": "None", "interestIncome": "None", "netInterestIncome": "None", "extraordinaryItems": "0", "nonRecurring": "739000", "otherItems": "0", "incomeTaxExpense": "218000", "totalOtherIncomeExpense": "0", "discontinuedOperations": "0", "netIncomeFromContinuingOperations": "26533000", "netIncomeApplicableToCommonShares": "17370000", "preferredStockAndOtherAdjustments": "None"}, {"fiscalDateEnding": "2015-12-31", "reportedCurrency": "USD", "totalRevenue": "63080000", "totalOperatingExpense": "56426000", "costOfRevenue": "53441000", "grossProfit": "63080000", "ebit": "-6783000", "netIncome": "5328000", "researchAndDevelopment": "0", "effectOfAccountingCharges": "0", "incomeBeforeTax": "8326000", "minorityInterest": "3115000", "sellingGeneralAdministrative": "-115983000", "otherNonOperatingIncome": "-13437000", "operatingIncome": "6654000", "otherOperatingExpense": "171506000", "interestExpense": "3285000", "taxProvision": "None", "interestIncome": "None", "netInterestIncome": "None", "extraordinaryItems": "0", "nonRecurring": "903000", "otherItems": "0", "incomeTaxExpense": "-7954000", "totalOtherIncomeExpense": "4524000", "discontinuedOperations": "0", "netIncomeFromContinuingOperations": "16280000", "netIncomeApplicableToCommonShares": "5328000", "preferredStockAndOtherAdjustments": "None"}, {"fiscalDateEnding": "2015-09-30", "reportedCurrency": "USD", "totalRevenue": "75125000", "totalOperatingExpense": "67115000", "costOfRevenue": "64954000", "grossProfit": "75125000", "ebit": "7973000", "netIncome": "2688000", "researchAndDevelopment": "0", "effectOfAccountingCharges": "0", "incomeBeforeTax": "4455000", "minorityInterest": "1649000", "sellingGeneralAdministrative": "60510000", "otherNonOperatingIncome": "-37000", "operatingIncome": "8010000", "otherOperatingExpense": "6317000", "interestExpense": "3518000", "taxProvision": "None", "interestIncome": "None", "netInterestIncome": "None", "extraordinaryItems": "0", "nonRecurring": "288000", "otherItems": "0", "incomeTaxExpense": "1382000", "totalOtherIncomeExpense": "0", "discontinuedOperations": "0", "netIncomeFromContinuingOperations": "3073000", "netIncomeApplicableToCommonShares": "2688000", "preferredStockAndOtherAdjustments": "None"}, {"fiscalDateEnding": "2015-06-30", "reportedCurrency": "USD", "totalRevenue": "66974000", "totalOperatingExpense": "60349000", "costOfRevenue": "57662000", "grossProfit": "66974000", "ebit": "13639000", "netIncome": "6521000", "researchAndDevelopment": "0", "effectOfAccountingCharges": "0", "incomeBeforeTax": "10281000", "minorityInterest": "3764000", "sellingGeneralAdministrative": "53969000", "otherNonOperatingIncome": "7014000", "operatingIncome": "6625000", "otherOperatingExpense": "5766000", "interestExpense": "3358000", "taxProvision": "None", "interestIncome": "None", "netInterestIncome": "None", "extraordinaryItems": "0", "nonRecurring": "614000", "otherItems": "0", "incomeTaxExpense": "3847000", "totalOtherIncomeExpense": "0", "discontinuedOperations": "0", "netIncomeFromContinuingOperations": "6434000", "netIncomeApplicableToCommonShares": "6521000", "preferredStockAndOtherAdjustments": "None"}]}