{"symbol": "AIH", "annualReports": [{"fiscalDateEnding": "2019-12-31", "reportedCurrency": "CNY", "totalRevenue": "869050000", "totalOperatingExpense": "885345000", "costOfRevenue": "275948000", "grossProfit": "593102000", "ebit": "260491000", "netIncome": "136309000", "researchAndDevelopment": "0", "effectOfAccountingCharges": "0", "incomeBeforeTax": "152364000", "minorityInterest": "43117000", "sellingGeneralAdministrative": "609397000", "otherNonOperatingIncome": "0", "operatingIncome": "-16295000", "otherOperatingExpense": "0", "interestExpense": "24293000", "taxProvision": "14036000", "interestIncome": "388000", "netInterestIncome": "-23905000", "extraordinaryItems": "0", "nonRecurring": "0", "otherItems": "0", "incomeTaxExpense": "14036000", "totalOtherIncomeExpense": "192564000", "discontinuedOperations": "0", "netIncomeFromContinuingOperations": "138328000", "netIncomeApplicableToCommonShares": "136309000", "preferredStockAndOtherAdjustments": "0"}, {"fiscalDateEnding": "2019-09-30", "reportedCurrency": "USD", "totalRevenue": "0", "totalOperatingExpense": "0", "costOfRevenue": "0", "grossProfit": "0", "ebit": "0", "netIncome": "0", "researchAndDevelopment": "0", "effectOfAccountingCharges": "0", "incomeBeforeTax": "0", "minorityInterest": "0", "sellingGeneralAdministrative": "0", "otherNonOperatingIncome": "0", "operatingIncome": "0", "otherOperatingExpense": "0", "interestExpense": "0", "taxProvision": "None", "interestIncome": "None", "netInterestIncome": "None", "extraordinaryItems": "0", "nonRecurring": "0", "otherItems": "0", "incomeTaxExpense": "0", "totalOtherIncomeExpense": "0", "discontinuedOperations": "0", "netIncomeFromContinuingOperations": "0", "netIncomeApplicableToCommonShares": "0", "preferredStockAndOtherAdjustments": "0"}, {"fiscalDateEnding": "2018-12-31", "reportedCurrency": "CNY", "totalRevenue": "761306000", "totalOperatingExpense": "707578000", "costOfRevenue": "258567000", "grossProfit": "502739000", "ebit": "-192588000", "netIncome": "-255237000", "researchAndDevelopment": "0", "effectOfAccountingCharges": "0", "incomeBeforeTax": "-233972000", "minorityInterest": "29054000", "sellingGeneralAdministrative": "449011000", "otherNonOperatingIncome": "0", "operatingIncome": "53728000", "otherOperatingExpense": "0", "interestExpense": "9244000", "taxProvision": "18508000", "interestIncome": "322000", "netInterestIncome": "-8922000", "extraordinaryItems": "0", "nonRecurring": "0", "otherItems": "0", "incomeTaxExpense": "18508000", "totalOtherIncomeExpense": "-278778000", "discontinuedOperations": "0", "netIncomeFromContinuingOperations": "-252480000", "netIncomeApplicableToCommonShares": "-255237000", "preferredStockAndOtherAdjustments": "0"}, {"fiscalDateEnding": "2017-12-31", "reportedCurrency": "CNY", "totalRevenue": "697396000", "totalOperatingExpense": "627720000", "costOfRevenue": "234522000", "grossProfit": "462874000", "ebit": "-17477000", "netIncome": "-76675000", "researchAndDevelopment": "0", "effectOfAccountingCharges": "0", "incomeBeforeTax": "-53169000", "minorityInterest": "24625000", "sellingGeneralAdministrative": "393198000", "otherNonOperatingIncome": "0", "operatingIncome": "69676000", "otherOperatingExpense": "0", "interestExpense": "6581000", "taxProvision": "19260000", "interestIncome": "868000", "netInterestIncome": "-5713000", "extraordinaryItems": "0", "nonRecurring": "0", "otherItems": "0", "incomeTaxExpense": "19260000", "totalOtherIncomeExpense": "-117132000", "discontinuedOperations": "0", "netIncomeFromContinuingOperations": "-72429000", "netIncomeApplicableToCommonShares": "-76675000", "preferredStockAndOtherAdjustments": "0"}, {"fiscalDateEnding": "2016-12-31", "reportedCurrency": "CNY", "totalRevenue": "584857000", "totalOperatingExpense": "570331000", "costOfRevenue": "217339000", "grossProfit": "367518000", "ebit": "105889000", "netIncome": "50350000", "researchAndDevelopment": "0", "effectOfAccountingCharges": "0", "incomeBeforeTax": "64240000", "minorityInterest": "19094000", "sellingGeneralAdministrative": "352992000", "otherNonOperatingIncome": "0", "operatingIncome": "14526000", "otherOperatingExpense": "0", "interestExpense": "2920000", "taxProvision": "13713000", "interestIncome": "309000", "netInterestIncome": "-2611000", "extraordinaryItems": "0", "nonRecurring": "0", "otherItems": "0", "incomeTaxExpense": "13713000", "totalOtherIncomeExpense": "52325000", "discontinuedOperations": "0", "netIncomeFromContinuingOperations": "50527000", "netIncomeApplicableToCommonShares": "50350000", "preferredStockAndOtherAdjustments": "0"}], "quarterlyReports": [{"fiscalDateEnding": "2020-03-31", "reportedCurrency": "CNY", "totalRevenue": "90954000", "totalOperatingExpense": "185048000", "costOfRevenue": "56098000", "grossProfit": "34856000", "ebit": "-93278000", "netIncome": "-79100000", "researchAndDevelopment": "None", "effectOfAccountingCharges": "None", "incomeBeforeTax": "-98402000", "minorityInterest": "39074000", "sellingGeneralAdministrative": "128950000", "otherNonOperatingIncome": "None", "operatingIncome": "-94094000", "otherOperatingExpense": "None", "interestExpense": "5124000", "taxProvision": "-15287000", "interestIncome": "None", "netInterestIncome": "-5124000", "extraordinaryItems": "None", "nonRecurring": "None", "otherItems": "None", "incomeTaxExpense": "-15287000", "totalOtherIncomeExpense": "816000", "discontinuedOperations": "None", "netIncomeFromContinuingOperations": "-83115000", "netIncomeApplicableToCommonShares": "-79100000", "preferredStockAndOtherAdjustments": "None"}, {"fiscalDateEnding": "2019-12-31", "reportedCurrency": "CNY", "totalRevenue": "238084000", "totalOperatingExpense": "296812000", "costOfRevenue": "75859000", "grossProfit": "162225000", "ebit": "-56860000", "netIncome": "-58418000", "researchAndDevelopment": "0", "effectOfAccountingCharges": "0", "incomeBeforeTax": "-62894000", "minorityInterest": "43117000", "sellingGeneralAdministrative": "220953000", "otherNonOperatingIncome": "0", "operatingIncome": "-58728000", "otherOperatingExpense": "0", "interestExpense": "6034000", "taxProvision": "-2295000", "interestIncome": "None", "netInterestIncome": "-5646000", "extraordinaryItems": "0", "nonRecurring": "0", "otherItems": "0", "incomeTaxExpense": "-2295000", "totalOtherIncomeExpense": "1480000", "discontinuedOperations": "0", "netIncomeFromContinuingOperations": "-60599000", "netIncomeApplicableToCommonShares": "-58418000", "preferredStockAndOtherAdjustments": "0"}, {"fiscalDateEnding": "2019-09-30", "reportedCurrency": "CNY", "totalRevenue": "237892000", "totalOperatingExpense": "230399000", "costOfRevenue": "73544000", "grossProfit": "164348000", "ebit": "129536000", "netIncome": "115674000", "researchAndDevelopment": "0", "effectOfAccountingCharges": "0", "incomeBeforeTax": "123314000", "minorityInterest": "44891000", "sellingGeneralAdministrative": "156855000", "otherNonOperatingIncome": "0", "operatingIncome": "7493000", "otherOperatingExpense": "0", "interestExpense": "6222000", "taxProvision": "4551000", "interestIncome": "115308000", "netInterestIncome": "-6222000", "extraordinaryItems": "0", "nonRecurring": "0", "otherItems": "0", "incomeTaxExpense": "4551000", "totalOtherIncomeExpense": "122043000", "discontinuedOperations": "0", "netIncomeFromContinuingOperations": "118763000", "netIncomeApplicableToCommonShares": "115674000", "preferredStockAndOtherAdjustments": "0"}, {"fiscalDateEnding": "2019-06-30", "reportedCurrency": "CNY", "totalRevenue": "212187000", "totalOperatingExpense": "194508000", "costOfRevenue": "66871000", "grossProfit": "145316000", "ebit": "70104000", "netIncome": "57295000", "researchAndDevelopment": "0", "effectOfAccountingCharges": "0", "incomeBeforeTax": "63795000", "minorityInterest": "43833000", "sellingGeneralAdministrative": "127637000", "otherNonOperatingIncome": "0", "operatingIncome": "17679000", "otherOperatingExpense": "0", "interestExpense": "6309000", "taxProvision": "6340000", "interestIncome": "None", "netInterestIncome": "-6096000", "extraordinaryItems": "0", "nonRecurring": "0", "otherItems": "0", "incomeTaxExpense": "5890000", "totalOtherIncomeExpense": "52212000", "discontinuedOperations": "0", "netIncomeFromContinuingOperations": "57455000", "netIncomeApplicableToCommonShares": "39526500", "preferredStockAndOtherAdjustments": "0"}, {"fiscalDateEnding": "2019-03-31", "reportedCurrency": "CNY", "totalRevenue": "7.11", "totalOperatingExpense": "6.48", "costOfRevenue": "2.29", "grossProfit": "4.82", "ebit": "0.63", "netIncome": "1.43", "researchAndDevelopment": "0", "effectOfAccountingCharges": "0", "incomeBeforeTax": "1.66", "minorityInterest": "44891000", "sellingGeneralAdministrative": "4.19", "otherNonOperatingIncome": "0", "operatingIncome": "0.63", "otherOperatingExpense": "0", "interestExpense": "-0.22", "taxProvision": "None", "interestIncome": "None", "netInterestIncome": "None", "extraordinaryItems": "0", "nonRecurring": "0", "otherItems": "0", "incomeTaxExpense": "5440000", "totalOtherIncomeExpense": "1.03", "discontinuedOperations": "0", "netIncomeFromContinuingOperations": "1.45", "netIncomeApplicableToCommonShares": "21758000", "preferredStockAndOtherAdjustments": "0"}, {"fiscalDateEnding": "2018-09-30", "reportedCurrency": "USD", "totalRevenue": "38.65", "totalOperatingExpense": "35.28", "costOfRevenue": "14.10", "grossProfit": "24.54", "ebit": "3.37", "netIncome": "2.39", "researchAndDevelopment": "0", "effectOfAccountingCharges": "0", "incomeBeforeTax": "3.50", "minorityInterest": "6381371.11", "sellingGeneralAdministrative": "21.17", "otherNonOperatingIncome": "0", "operatingIncome": "3.37", "otherOperatingExpense": "0", "interestExpense": "-0.50", "taxProvision": "None", "interestIncome": "None", "netInterestIncome": "None", "extraordinaryItems": "0", "nonRecurring": "0", "otherItems": "0", "incomeTaxExpense": "788044.67", "totalOtherIncomeExpense": "0.13", "discontinuedOperations": "0", "netIncomeFromContinuingOperations": "2.41", "netIncomeApplicableToCommonShares": "1726331.73", "preferredStockAndOtherAdjustments": "0"}, {"fiscalDateEnding": "2018-06-30", "reportedCurrency": "USD", "totalRevenue": "26717831.43", "totalOperatingExpense": "25249400.12", "costOfRevenue": "9439337.13", "grossProfit": "17278494.30", "ebit": "1468431.31", "netIncome": "1209883.02", "researchAndDevelopment": "0", "effectOfAccountingCharges": "0", "incomeBeforeTax": "1737327.53", "minorityInterest": "6573635.27", "sellingGeneralAdministrative": "15810062.99", "otherNonOperatingIncome": "0", "operatingIncome": "1468431.31", "otherOperatingExpense": "0", "interestExpense": "-313887.22", "taxProvision": "None", "interestIncome": "None", "netInterestIncome": "None", "extraordinaryItems": "0", "nonRecurring": "0", "otherItems": "0", "incomeTaxExpense": "470380.92", "totalOtherIncomeExpense": "268896.22", "discontinuedOperations": "0", "netIncomeFromContinuingOperations": "1266946.61", "netIncomeApplicableToCommonShares": "1209883.02", "preferredStockAndOtherAdjustments": "0"}, {"fiscalDateEnding": "2018-03-31", "reportedCurrency": "USD", "totalRevenue": "28366292.49", "totalOperatingExpense": "26807260.57", "costOfRevenue": "10021733.94", "grossProfit": "18344558.55", "ebit": "1559031.92", "netIncome": "1284531.49", "researchAndDevelopment": "0", "effectOfAccountingCharges": "0", "incomeBeforeTax": "1844518.75", "minorityInterest": "6979221.40", "sellingGeneralAdministrative": "16785526.63", "otherNonOperatingIncome": "0", "operatingIncome": "1559031.92", "otherOperatingExpense": "0", "interestExpense": "-333253.72", "taxProvision": "None", "interestIncome": "None", "netInterestIncome": "None", "extraordinaryItems": "0", "nonRecurring": "0", "otherItems": "0", "incomeTaxExpense": "499402.91", "totalOtherIncomeExpense": "285486.82", "discontinuedOperations": "0", "netIncomeFromContinuingOperations": "1345115.83", "netIncomeApplicableToCommonShares": "1284531.49", "preferredStockAndOtherAdjustments": "0"}]}