{"symbol": "AIHS", "annualReports": [{"fiscalDateEnding": "2020-03-31", "reportedCurrency": "USD", "totalRevenue": "15655575", "totalOperatingExpense": "18221584", "costOfRevenue": "12653645", "grossProfit": "3001930", "ebit": "-2562153", "netIncome": "-8673325", "researchAndDevelopment": "None", "effectOfAccountingCharges": "None", "incomeBeforeTax": "-4315592", "minorityInterest": "-1331340", "sellingGeneralAdministrative": "5567939", "otherNonOperatingIncome": "None", "operatingIncome": "-2566009", "otherOperatingExpense": "None", "interestExpense": "96624", "taxProvision": "33184", "interestIncome": "1326690", "netInterestIncome": "-96624", "extraordinaryItems": "-5587030", "nonRecurring": "None", "otherItems": "None", "incomeTaxExpense": "33184", "totalOtherIncomeExpense": "-1652959", "discontinuedOperations": "-5587027", "netIncomeFromContinuingOperations": "-4348776", "netIncomeApplicableToCommonShares": "-8673325", "preferredStockAndOtherAdjustments": "None"}, {"fiscalDateEnding": "2019-03-31", "reportedCurrency": "USD", "totalRevenue": "2921063", "totalOperatingExpense": "6144902", "costOfRevenue": "1812187", "grossProfit": "1108876", "ebit": "-4155848", "netIncome": "-4549869", "researchAndDevelopment": "0", "effectOfAccountingCharges": "0", "incomeBeforeTax": "-4520620", "minorityInterest": "7344", "sellingGeneralAdministrative": "4024672", "otherNonOperatingIncome": "0", "operatingIncome": "-3223839", "otherOperatingExpense": "0", "interestExpense": "33878", "taxProvision": "21905", "interestIncome": "-33880", "netInterestIncome": "-33878", "extraordinaryItems": "-3386750", "nonRecurring": "0", "otherItems": "0", "incomeTaxExpense": "21905", "totalOtherIncomeExpense": "-1262903", "discontinuedOperations": "-3386750", "netIncomeFromContinuingOperations": "-4542525", "netIncomeApplicableToCommonShares": "-4549869", "preferredStockAndOtherAdjustments": "0"}, {"fiscalDateEnding": "2018-03-31", "reportedCurrency": "USD", "totalRevenue": "494897", "totalOperatingExpense": "2177362", "costOfRevenue": "49552495.30", "grossProfit": "494897", "ebit": "-1019327", "netIncome": "-9858972", "researchAndDevelopment": "0", "effectOfAccountingCharges": "0", "incomeBeforeTax": "-9858972", "minorityInterest": "7344", "sellingGeneralAdministrative": "1517804", "otherNonOperatingIncome": "0", "operatingIncome": "-1682465", "otherOperatingExpense": "0", "interestExpense": "-33878", "taxProvision": "0", "interestIncome": "None", "netInterestIncome": "None", "extraordinaryItems": "0", "nonRecurring": "0", "otherItems": "0", "incomeTaxExpense": "0", "totalOtherIncomeExpense": "-8176507", "discontinuedOperations": "-3386750", "netIncomeFromContinuingOperations": "-9858972", "netIncomeApplicableToCommonShares": "-9858972", "preferredStockAndOtherAdjustments": "0"}, {"fiscalDateEnding": "2017-03-31", "reportedCurrency": "USD", "totalRevenue": "73237", "totalOperatingExpense": "583482", "costOfRevenue": "0", "grossProfit": "73237", "ebit": "-184574", "netIncome": "-587882", "researchAndDevelopment": "0", "effectOfAccountingCharges": "0", "incomeBeforeTax": "-509769", "minorityInterest": "7344", "sellingGeneralAdministrative": "258772", "otherNonOperatingIncome": "0", "operatingIncome": "-510245", "otherOperatingExpense": "0", "interestExpense": "-33878", "taxProvision": "0", "interestIncome": "30", "netInterestIncome": "30", "extraordinaryItems": "-86880", "nonRecurring": "0", "otherItems": "0", "incomeTaxExpense": "0", "totalOtherIncomeExpense": "446", "discontinuedOperations": "-86876", "netIncomeFromContinuingOperations": "-509769", "netIncomeApplicableToCommonShares": "-587882", "preferredStockAndOtherAdjustments": "0"}, {"fiscalDateEnding": "2016-03-31", "reportedCurrency": "USD", "totalRevenue": "0", "totalOperatingExpense": "18724", "costOfRevenue": "0", "grossProfit": "0", "ebit": "-18724", "netIncome": "-16050", "researchAndDevelopment": "0", "effectOfAccountingCharges": "0", "incomeBeforeTax": "-18720", "minorityInterest": "6200699", "sellingGeneralAdministrative": "18720", "otherNonOperatingIncome": "0", "operatingIncome": "-18720", "otherOperatingExpense": "0", "interestExpense": "-33878", "taxProvision": "None", "interestIncome": "None", "netInterestIncome": "None", "extraordinaryItems": "4450", "nonRecurring": "0", "otherItems": "0", "incomeTaxExpense": "0", "totalOtherIncomeExpense": "1", "discontinuedOperations": "4449", "netIncomeFromContinuingOperations": "-18723", "netIncomeApplicableToCommonShares": "-16050", "preferredStockAndOtherAdjustments": "0"}], "quarterlyReports": [{"fiscalDateEnding": "2020-06-30", "reportedCurrency": "USD", "totalRevenue": "1146916", "totalOperatingExpense": "2986858", "costOfRevenue": "847418", "grossProfit": "299498", "ebit": "-1297926", "netIncome": "-1980485", "researchAndDevelopment": "None", "effectOfAccountingCharges": "None", "incomeBeforeTax": "-2278258", "minorityInterest": "-1718726", "sellingGeneralAdministrative": "2139440", "otherNonOperatingIncome": "None", "operatingIncome": "-1839942", "otherOperatingExpense": "None", "interestExpense": "20648", "taxProvision": "6272", "interestIncome": "None", "netInterestIncome": "-20648", "extraordinaryItems": "None", "nonRecurring": "None", "otherItems": "None", "incomeTaxExpense": "6272", "totalOtherIncomeExpense": "-417668", "discontinuedOperations": "-85654", "netIncomeFromContinuingOperations": "-2284530", "netIncomeApplicableToCommonShares": "-1980485", "preferredStockAndOtherAdjustments": "None"}, {"fiscalDateEnding": "2020-03-31", "reportedCurrency": "USD", "totalRevenue": "2012146", "totalOperatingExpense": "4102273", "costOfRevenue": "2020744", "grossProfit": "-8598", "ebit": "-3714277", "netIncome": "-3858051", "researchAndDevelopment": "None", "effectOfAccountingCharges": "None", "incomeBeforeTax": "-5216159", "minorityInterest": "-1331340", "sellingGeneralAdministrative": "2081529", "otherNonOperatingIncome": "None", "operatingIncome": "-2090127", "otherOperatingExpense": "None", "interestExpense": "17031", "taxProvision": "234", "interestIncome": "-103120", "netInterestIncome": "-17031", "extraordinaryItems": "6600", "nonRecurring": "None", "otherItems": "None", "incomeTaxExpense": "234", "totalOtherIncomeExpense": "-3109001", "discontinuedOperations": "6600", "netIncomeFromContinuingOperations": "-5216393", "netIncomeApplicableToCommonShares": "-3858051", "preferredStockAndOtherAdjustments": "None"}, {"fiscalDateEnding": "2019-12-31", "reportedCurrency": "USD", "totalRevenue": "2745579", "totalOperatingExpense": "3240643", "costOfRevenue": "1901405", "grossProfit": "844174", "ebit": "-1018100", "netIncome": "-5327167", "researchAndDevelopment": "None", "effectOfAccountingCharges": "None", "incomeBeforeTax": "-1035348", "minorityInterest": "35811", "sellingGeneralAdministrative": "1339238", "otherNonOperatingIncome": "None", "operatingIncome": "-495064", "otherOperatingExpense": "None", "interestExpense": "17248", "taxProvision": "-72648", "interestIncome": "-502650", "netInterestIncome": "-17248", "extraordinaryItems": "-4399240", "nonRecurring": "None", "otherItems": "None", "incomeTaxExpense": "-72648", "totalOtherIncomeExpense": "-523036", "discontinuedOperations": "-4399236", "netIncomeFromContinuingOperations": "-962700", "netIncomeApplicableToCommonShares": "-5327167", "preferredStockAndOtherAdjustments": "None"}, {"fiscalDateEnding": "2019-09-30", "reportedCurrency": "USD", "totalRevenue": "5921166", "totalOperatingExpense": "6458933", "costOfRevenue": "4709184", "grossProfit": "1211982", "ebit": "1262506", "netIncome": "1090254", "researchAndDevelopment": "None", "effectOfAccountingCharges": "None", "incomeBeforeTax": "1145816", "minorityInterest": "5796", "sellingGeneralAdministrative": "1738335", "otherNonOperatingIncome": "None", "operatingIncome": "-537767", "otherOperatingExpense": "None", "interestExpense": "25306", "taxProvision": "4457", "interestIncome": "1932460", "netInterestIncome": "-25306", "extraordinaryItems": "-1194390", "nonRecurring": "None", "otherItems": "None", "incomeTaxExpense": "4457", "totalOtherIncomeExpense": "1708889", "discontinuedOperations": "-4399236", "netIncomeFromContinuingOperations": "1141359", "netIncomeApplicableToCommonShares": "1090254", "preferredStockAndOtherAdjustments": "None"}, {"fiscalDateEnding": "2019-06-30", "reportedCurrency": "USD", "totalRevenue": "5094440", "totalOperatingExpense": "5490538", "costOfRevenue": "4022312", "grossProfit": "1072128", "ebit": "-285252", "netIncome": "-578360", "researchAndDevelopment": "0", "effectOfAccountingCharges": "0", "incomeBeforeTax": "-404291", "minorityInterest": "51996", "sellingGeneralAdministrative": "1453074", "otherNonOperatingIncome": "0", "operatingIncome": "-396098", "otherOperatingExpense": "0", "interestExpense": "37039", "taxProvision": "101141", "interestIncome": "-40440", "netInterestIncome": "-37039", "extraordinaryItems": "0", "nonRecurring": "0", "otherItems": "0", "incomeTaxExpense": "101141", "totalOtherIncomeExpense": "28846", "discontinuedOperations": "-4399236", "netIncomeFromContinuingOperations": "-505432", "netIncomeApplicableToCommonShares": "-578360", "preferredStockAndOtherAdjustments": "0"}, {"fiscalDateEnding": "2019-03-31", "reportedCurrency": "USD", "totalRevenue": "2432370", "totalOperatingExpense": "3230248", "costOfRevenue": "1812190", "grossProfit": "620180", "ebit": "-1915669", "netIncome": "-2058170", "researchAndDevelopment": "0", "effectOfAccountingCharges": "0", "incomeBeforeTax": "-228840", "minorityInterest": "7344", "sellingGeneralAdministrative": "753450", "otherNonOperatingIncome": "0", "operatingIncome": "-133270", "otherOperatingExpense": "0", "interestExpense": "27639", "taxProvision": "21910", "interestIncome": "-27640", "netInterestIncome": "-27639", "extraordinaryItems": "-1803120", "nonRecurring": "0", "otherItems": "0", "incomeTaxExpense": "21905", "totalOtherIncomeExpense": "-1288744", "discontinuedOperations": "-4399236", "netIncomeFromContinuingOperations": "-2053864", "netIncomeApplicableToCommonShares": "-2058170", "preferredStockAndOtherAdjustments": "0"}, {"fiscalDateEnding": "2018-12-31", "reportedCurrency": "USD", "totalRevenue": "209857", "totalOperatingExpense": "986846", "costOfRevenue": "0", "grossProfit": "209857", "ebit": "-776989", "netIncome": "-771333", "researchAndDevelopment": "0", "effectOfAccountingCharges": "0", "incomeBeforeTax": "-768292", "minorityInterest": "3041", "sellingGeneralAdministrative": "926358", "otherNonOperatingIncome": "0", "operatingIncome": "-776989", "otherOperatingExpense": "0", "interestExpense": "-6239", "taxProvision": "None", "interestIncome": "None", "netInterestIncome": "None", "extraordinaryItems": "-361660", "nonRecurring": "0", "otherItems": "0", "incomeTaxExpense": "0", "totalOtherIncomeExpense": "8697", "discontinuedOperations": "0", "netIncomeFromContinuingOperations": "-768292", "netIncomeApplicableToCommonShares": "-771333", "preferredStockAndOtherAdjustments": "0"}, {"fiscalDateEnding": "2018-09-30", "reportedCurrency": "USD", "totalRevenue": "71508", "totalOperatingExpense": "869242", "costOfRevenue": "2129240.18", "grossProfit": "71508", "ebit": "-797734", "netIncome": "-790005", "researchAndDevelopment": "0", "effectOfAccountingCharges": "0", "incomeBeforeTax": "-790005", "minorityInterest": "3041", "sellingGeneralAdministrative": "782451", "otherNonOperatingIncome": "0", "operatingIncome": "-797734", "otherOperatingExpense": "0", "interestExpense": "-6239", "taxProvision": "None", "interestIncome": "None", "netInterestIncome": "None", "extraordinaryItems": "0", "nonRecurring": "0", "otherItems": "0", "incomeTaxExpense": "0", "totalOtherIncomeExpense": "7729", "discontinuedOperations": "0", "netIncomeFromContinuingOperations": "-790005", "netIncomeApplicableToCommonShares": "-790005", "preferredStockAndOtherAdjustments": "0"}, {"fiscalDateEnding": "2018-06-30", "reportedCurrency": "USD", "totalRevenue": "125026", "totalOperatingExpense": "1942409.83", "costOfRevenue": "104581.31", "grossProfit": "125026", "ebit": "-933540", "netIncome": "-930364", "researchAndDevelopment": "0", "effectOfAccountingCharges": "0", "incomeBeforeTax": "-930364", "minorityInterest": "3041", "sellingGeneralAdministrative": "972269", "otherNonOperatingIncome": "0", "operatingIncome": "-933540", "otherOperatingExpense": "0", "interestExpense": "-6239", "taxProvision": "None", "interestIncome": "None", "netInterestIncome": "None", "extraordinaryItems": "0", "nonRecurring": "0", "otherItems": "0", "incomeTaxExpense": "0", "totalOtherIncomeExpense": "3176", "discontinuedOperations": "0", "netIncomeFromContinuingOperations": "-930364", "netIncomeApplicableToCommonShares": "-930364", "preferredStockAndOtherAdjustments": "0"}, {"fiscalDateEnding": "2018-03-31", "reportedCurrency": "USD", "totalRevenue": "196086.85", "totalOperatingExpense": "896546.93", "costOfRevenue": "24098.09", "grossProfit": "196086.85", "ebit": "-700460.08", "netIncome": "-10761264.61", "researchAndDevelopment": "0", "effectOfAccountingCharges": "0", "incomeBeforeTax": "-10761264.61", "minorityInterest": "3740.93", "sellingGeneralAdministrative": "685760.86", "otherNonOperatingIncome": "None", "operatingIncome": "-700460.08", "otherOperatingExpense": "0", "interestExpense": "-258.33", "taxProvision": "None", "interestIncome": "None", "netInterestIncome": "None", "extraordinaryItems": "0", "nonRecurring": "0", "otherItems": "0", "incomeTaxExpense": "0", "totalOtherIncomeExpense": "-10060804.53", "discontinuedOperations": "0", "netIncomeFromContinuingOperations": "-10761264.61", "netIncomeApplicableToCommonShares": "-10761264.61", "preferredStockAndOtherAdjustments": "None"}, {"fiscalDateEnding": "2017-12-31", "reportedCurrency": "USD", "totalRevenue": "153000", "totalOperatingExpense": "813815", "costOfRevenue": "288000", "grossProfit": "166954", "ebit": "-646861", "netIncome": "-645424", "researchAndDevelopment": "0", "effectOfAccountingCharges": "0", "incomeBeforeTax": "-645424", "minorityInterest": "0", "sellingGeneralAdministrative": "493848", "otherNonOperatingIncome": "None", "operatingIncome": "-646861", "otherOperatingExpense": "0", "interestExpense": "-420", "taxProvision": "None", "interestIncome": "None", "netInterestIncome": "None", "extraordinaryItems": "0", "nonRecurring": "0", "otherItems": "0", "incomeTaxExpense": "0", "totalOtherIncomeExpense": "1437", "discontinuedOperations": "0", "netIncomeFromContinuingOperations": "-645424", "netIncomeApplicableToCommonShares": "-645424", "preferredStockAndOtherAdjustments": "None"}, {"fiscalDateEnding": "2017-09-30", "reportedCurrency": "USD", "totalRevenue": "116000", "totalOperatingExpense": "-811563", "costOfRevenue": "377000", "grossProfit": "-80208", "ebit": "731355", "netIncome": "728917", "researchAndDevelopment": "0", "effectOfAccountingCharges": "0", "incomeBeforeTax": "728917", "minorityInterest": "0", "sellingGeneralAdministrative": "-497547", "otherNonOperatingIncome": "None", "operatingIncome": "731355", "otherOperatingExpense": "0", "interestExpense": "420", "taxProvision": "None", "interestIncome": "None", "netInterestIncome": "None", "extraordinaryItems": "0", "nonRecurring": "0", "otherItems": "0", "incomeTaxExpense": "0", "totalOtherIncomeExpense": "-2438", "discontinuedOperations": "0", "netIncomeFromContinuingOperations": "728917", "netIncomeApplicableToCommonShares": "728917", "preferredStockAndOtherAdjustments": "None"}, {"fiscalDateEnding": "2017-06-30", "reportedCurrency": "USD", "totalRevenue": "66000", "totalOperatingExpense": "451574", "costOfRevenue": "292000", "grossProfit": "65792", "ebit": "-385782", "netIncome": "-384710", "researchAndDevelopment": "0", "effectOfAccountingCharges": "0", "incomeBeforeTax": "-384710", "minorityInterest": "0", "sellingGeneralAdministrative": "292319", "otherNonOperatingIncome": "None", "operatingIncome": "-385782", "otherOperatingExpense": "0", "interestExpense": "-210", "taxProvision": "None", "interestIncome": "None", "netInterestIncome": "None", "extraordinaryItems": "0", "nonRecurring": "0", "otherItems": "0", "incomeTaxExpense": "0", "totalOtherIncomeExpense": "1072", "discontinuedOperations": "0", "netIncomeFromContinuingOperations": "-384710", "netIncomeApplicableToCommonShares": "-384710", "preferredStockAndOtherAdjustments": "None"}, {"fiscalDateEnding": "2017-03-31", "reportedCurrency": "USD", "totalRevenue": "43000", "totalOperatingExpense": "373686", "costOfRevenue": "197000", "grossProfit": "43458", "ebit": "-330228", "netIncome": "-414030", "researchAndDevelopment": "0", "effectOfAccountingCharges": "0", "incomeBeforeTax": "-335917", "minorityInterest": "0", "sellingGeneralAdministrative": "210622", "otherNonOperatingIncome": "None", "operatingIncome": "-330228", "otherOperatingExpense": "0", "interestExpense": "0", "taxProvision": "None", "interestIncome": "None", "netInterestIncome": "None", "extraordinaryItems": "0", "nonRecurring": "0", "otherItems": "0", "incomeTaxExpense": "0", "totalOtherIncomeExpense": "-5689", "discontinuedOperations": "-86876", "netIncomeFromContinuingOperations": "-335917", "netIncomeApplicableToCommonShares": "-414030", "preferredStockAndOtherAdjustments": "None"}, {"fiscalDateEnding": "2016-12-31", "reportedCurrency": "USD", "totalRevenue": "30000", "totalOperatingExpense": "203633", "costOfRevenue": "42000", "grossProfit": "29779", "ebit": "-173854", "netIncome": "-173852", "researchAndDevelopment": "0", "effectOfAccountingCharges": "0", "incomeBeforeTax": "-173852", "minorityInterest": "0", "sellingGeneralAdministrative": "41987", "otherNonOperatingIncome": "None", "operatingIncome": "-173854", "otherOperatingExpense": "0", "interestExpense": "0", "taxProvision": "None", "interestIncome": "None", "netInterestIncome": "None", "extraordinaryItems": "0", "nonRecurring": "0", "otherItems": "0", "incomeTaxExpense": "0", "totalOtherIncomeExpense": "2", "discontinuedOperations": "0", "netIncomeFromContinuingOperations": "-173852", "netIncomeApplicableToCommonShares": "-173852", "preferredStockAndOtherAdjustments": "None"}, {"fiscalDateEnding": "2016-09-30", "reportedCurrency": "USD", "totalRevenue": "0", "totalOperatingExpense": "0", "costOfRevenue": "12000", "grossProfit": "0", "ebit": "0", "netIncome": "0", "researchAndDevelopment": "0", "effectOfAccountingCharges": "0", "incomeBeforeTax": "0", "minorityInterest": "0", "sellingGeneralAdministrative": "0", "otherNonOperatingIncome": "None", "operatingIncome": "0", "otherOperatingExpense": "0", "interestExpense": "0", "taxProvision": "None", "interestIncome": "None", "netInterestIncome": "None", "extraordinaryItems": "0", "nonRecurring": "0", "otherItems": "0", "incomeTaxExpense": "0", "totalOtherIncomeExpense": "0", "discontinuedOperations": "0", "netIncomeFromContinuingOperations": "0", "netIncomeApplicableToCommonShares": "0", "preferredStockAndOtherAdjustments": "None"}, {"fiscalDateEnding": "2016-06-30", "reportedCurrency": "USD", "totalRevenue": "0", "totalOperatingExpense": "0", "costOfRevenue": "0", "grossProfit": "0", "ebit": "0", "netIncome": "0", "researchAndDevelopment": "0", "effectOfAccountingCharges": "0", "incomeBeforeTax": "0", "minorityInterest": "0", "sellingGeneralAdministrative": "0", "otherNonOperatingIncome": "None", "operatingIncome": "0", "otherOperatingExpense": "0", "interestExpense": "0", "taxProvision": "None", "interestIncome": "None", "netInterestIncome": "None", "extraordinaryItems": "0", "nonRecurring": "0", "otherItems": "0", "incomeTaxExpense": "0", "totalOtherIncomeExpense": "0", "discontinuedOperations": "0", "netIncomeFromContinuingOperations": "0", "netIncomeApplicableToCommonShares": "0", "preferredStockAndOtherAdjustments": "None"}]}