{"symbol": "AIKI", "annualReports": [{"fiscalDateEnding": "2019-12-31", "reportedCurrency": "USD", "totalRevenue": "9000", "totalOperatingExpense": "5694000", "costOfRevenue": "None", "grossProfit": "9000", "ebit": "-4183000", "netIncome": "-4183000", "researchAndDevelopment": "2522000", "effectOfAccountingCharges": "None", "incomeBeforeTax": "-4183000", "minorityInterest": "None", "sellingGeneralAdministrative": "3172000", "otherNonOperatingIncome": "1502000", "operatingIncome": "-5685000", "otherOperatingExpense": "None", "interestExpense": "None", "taxProvision": "None", "interestIncome": "1488000", "netInterestIncome": "None", "extraordinaryItems": "None", "nonRecurring": "None", "otherItems": "None", "incomeTaxExpense": "None", "totalOtherIncomeExpense": "1502000", "discontinuedOperations": "None", "netIncomeFromContinuingOperations": "-4183000", "netIncomeApplicableToCommonShares": "-4183000", "preferredStockAndOtherAdjustments": "None"}, {"fiscalDateEnding": "2018-12-31", "reportedCurrency": "USD", "totalRevenue": "28000", "totalOperatingExpense": "4499000", "costOfRevenue": "None", "grossProfit": "28000", "ebit": "-3028000", "netIncome": "1727000", "researchAndDevelopment": "2522000", "effectOfAccountingCharges": "None", "incomeBeforeTax": "1727000", "minorityInterest": "None", "sellingGeneralAdministrative": "3056000", "otherNonOperatingIncome": "None", "operatingIncome": "-4471000", "otherOperatingExpense": "None", "interestExpense": "None", "taxProvision": "None", "interestIncome": "8934000", "netInterestIncome": "None", "extraordinaryItems": "None", "nonRecurring": "None", "otherItems": "None", "incomeTaxExpense": "None", "totalOtherIncomeExpense": "6198000", "discontinuedOperations": "None", "netIncomeFromContinuingOperations": "1727000", "netIncomeApplicableToCommonShares": "1727000", "preferredStockAndOtherAdjustments": "None"}, {"fiscalDateEnding": "2017-12-31", "reportedCurrency": "USD", "totalRevenue": "1236000", "totalOperatingExpense": "5058000", "costOfRevenue": "2059000", "grossProfit": "1236000", "ebit": "-3306000", "netIncome": "-3306000", "researchAndDevelopment": "2522000", "effectOfAccountingCharges": "None", "incomeBeforeTax": "-3306000", "minorityInterest": "None", "sellingGeneralAdministrative": "3685000", "otherNonOperatingIncome": "516000", "operatingIncome": "-3822000", "otherOperatingExpense": "1373000", "interestExpense": "None", "taxProvision": "None", "interestIncome": "225000", "netInterestIncome": "None", "extraordinaryItems": "None", "nonRecurring": "None", "otherItems": "None", "incomeTaxExpense": "None", "totalOtherIncomeExpense": "516000", "discontinuedOperations": "None", "netIncomeFromContinuingOperations": "-3306000", "netIncomeApplicableToCommonShares": "-3306000", "preferredStockAndOtherAdjustments": "None"}, {"fiscalDateEnding": "2016-12-31", "reportedCurrency": "USD", "totalRevenue": "877000", "totalOperatingExpense": "9428000", "costOfRevenue": "1950000", "grossProfit": "877000", "ebit": "-6476000", "netIncome": "-6476000", "researchAndDevelopment": "2522000", "effectOfAccountingCharges": "None", "incomeBeforeTax": "-6476000", "minorityInterest": "None", "sellingGeneralAdministrative": "4580000", "otherNonOperatingIncome": "2075000", "operatingIncome": "-8551000", "otherOperatingExpense": "2135000", "interestExpense": "None", "taxProvision": "None", "interestIncome": "2257000", "netInterestIncome": "None", "extraordinaryItems": "None", "nonRecurring": "2713000", "otherItems": "None", "incomeTaxExpense": "None", "totalOtherIncomeExpense": "-638000", "discontinuedOperations": "None", "netIncomeFromContinuingOperations": "-6476000", "netIncomeApplicableToCommonShares": "25004000", "preferredStockAndOtherAdjustments": "-31480000"}, {"fiscalDateEnding": "2015-12-31", "reportedCurrency": "USD", "totalRevenue": "33000", "totalOperatingExpense": "52043000", "costOfRevenue": "None", "grossProfit": "33000", "ebit": "-51465000", "netIncome": "-51465000", "researchAndDevelopment": "None", "effectOfAccountingCharges": "None", "incomeBeforeTax": "-51465000", "minorityInterest": "None", "sellingGeneralAdministrative": "5126000", "otherNonOperatingIncome": "545000", "operatingIncome": "-52010000", "otherOperatingExpense": "6317000", "interestExpense": "None", "taxProvision": "None", "interestIncome": "269000", "netInterestIncome": "None", "extraordinaryItems": "None", "nonRecurring": "40600000", "otherItems": "None", "incomeTaxExpense": "None", "totalOtherIncomeExpense": "None", "discontinuedOperations": "None", "netIncomeFromContinuingOperations": "-51465000", "netIncomeApplicableToCommonShares": "-42303000", "preferredStockAndOtherAdjustments": "323000"}], "quarterlyReports": [{"fiscalDateEnding": "2020-06-30", "reportedCurrency": "USD", "totalRevenue": "0", "totalOperatingExpense": "1794000", "costOfRevenue": "None", "grossProfit": "None", "ebit": "-2313000", "netIncome": "-2313000", "researchAndDevelopment": "675000", "effectOfAccountingCharges": "None", "incomeBeforeTax": "-2313000", "minorityInterest": "None", "sellingGeneralAdministrative": "1017000", "otherNonOperatingIncome": "-519000", "operatingIncome": "-1794000", "otherOperatingExpense": "102000", "interestExpense": "None", "taxProvision": "None", "interestIncome": "None", "netInterestIncome": "None", "extraordinaryItems": "None", "nonRecurring": "None", "otherItems": "None", "incomeTaxExpense": "None", "totalOtherIncomeExpense": "-519000", "discontinuedOperations": "None", "netIncomeFromContinuingOperations": "-2313000", "netIncomeApplicableToCommonShares": "-2313000", "preferredStockAndOtherAdjustments": "None"}, {"fiscalDateEnding": "2020-03-31", "reportedCurrency": "USD", "totalRevenue": "None", "totalOperatingExpense": "2399000", "costOfRevenue": "None", "grossProfit": "None", "ebit": "-8333000", "netIncome": "-8333000", "researchAndDevelopment": "85000", "effectOfAccountingCharges": "None", "incomeBeforeTax": "-8333000", "minorityInterest": "None", "sellingGeneralAdministrative": "1303000", "otherNonOperatingIncome": "-5934000", "operatingIncome": "-2399000", "otherOperatingExpense": "1011000", "interestExpense": "None", "taxProvision": "None", "interestIncome": "-5071000", "netInterestIncome": "None", "extraordinaryItems": "None", "nonRecurring": "None", "otherItems": "None", "incomeTaxExpense": "None", "totalOtherIncomeExpense": "-5934000", "discontinuedOperations": "None", "netIncomeFromContinuingOperations": "-8333000", "netIncomeApplicableToCommonShares": "-8333000", "preferredStockAndOtherAdjustments": "None"}, {"fiscalDateEnding": "2019-12-31", "reportedCurrency": "USD", "totalRevenue": "9000", "totalOperatingExpense": "3191000", "costOfRevenue": "None", "grossProfit": "9000", "ebit": "-3182000", "netIncome": "973000", "researchAndDevelopment": "2502000", "effectOfAccountingCharges": "None", "incomeBeforeTax": "973000", "minorityInterest": "None", "sellingGeneralAdministrative": "689000", "otherNonOperatingIncome": "None", "operatingIncome": "-3182000", "otherOperatingExpense": "None", "interestExpense": "None", "taxProvision": "None", "interestIncome": "4172000", "netInterestIncome": "None", "extraordinaryItems": "None", "nonRecurring": "None", "otherItems": "None", "incomeTaxExpense": "None", "totalOtherIncomeExpense": "4155000", "discontinuedOperations": "None", "netIncomeFromContinuingOperations": "973000", "netIncomeApplicableToCommonShares": "973000", "preferredStockAndOtherAdjustments": "None"}, {"fiscalDateEnding": "2019-09-30", "reportedCurrency": "USD", "totalRevenue": "0", "totalOperatingExpense": "902000", "costOfRevenue": "None", "grossProfit": "None", "ebit": "-3363000", "netIncome": "-3363000", "researchAndDevelopment": "10000", "effectOfAccountingCharges": "None", "incomeBeforeTax": "-3363000", "minorityInterest": "None", "sellingGeneralAdministrative": "892000", "otherNonOperatingIncome": "-2461000", "operatingIncome": "-902000", "otherOperatingExpense": "10000", "interestExpense": "None", "taxProvision": "None", "interestIncome": "-2428000", "netInterestIncome": "None", "extraordinaryItems": "None", "nonRecurring": "None", "otherItems": "None", "incomeTaxExpense": "None", "totalOtherIncomeExpense": "-2461000", "discontinuedOperations": "None", "netIncomeFromContinuingOperations": "-3363000", "netIncomeApplicableToCommonShares": "-3363000", "preferredStockAndOtherAdjustments": "None"}, {"fiscalDateEnding": "2019-06-30", "reportedCurrency": "USD", "totalRevenue": "0", "totalOperatingExpense": "888000", "costOfRevenue": "175000", "grossProfit": "-175000", "ebit": "-644000", "netIncome": "-644000", "researchAndDevelopment": "10000", "effectOfAccountingCharges": "None", "incomeBeforeTax": "-644000", "minorityInterest": "None", "sellingGeneralAdministrative": "822000", "otherNonOperatingIncome": "244000", "operatingIncome": "-888000", "otherOperatingExpense": "None", "interestExpense": "None", "taxProvision": "None", "interestIncome": "272000", "netInterestIncome": "None", "extraordinaryItems": "None", "nonRecurring": "66000", "otherItems": "None", "incomeTaxExpense": "None", "totalOtherIncomeExpense": "178000", "discontinuedOperations": "None", "netIncomeFromContinuingOperations": "-644000", "netIncomeApplicableToCommonShares": "-644000", "preferredStockAndOtherAdjustments": "None"}, {"fiscalDateEnding": "2019-03-31", "reportedCurrency": "USD", "totalRevenue": "0", "totalOperatingExpense": "713000", "costOfRevenue": "181000", "grossProfit": "-181000", "ebit": "-1149000", "netIncome": "-1149000", "researchAndDevelopment": "10000", "effectOfAccountingCharges": "None", "incomeBeforeTax": "-1149000", "minorityInterest": "None", "sellingGeneralAdministrative": "702000", "otherNonOperatingIncome": "-436000", "operatingIncome": "-713000", "otherOperatingExpense": "None", "interestExpense": "None", "taxProvision": "None", "interestIncome": "-528000", "netInterestIncome": "None", "extraordinaryItems": "None", "nonRecurring": "11000", "otherItems": "None", "incomeTaxExpense": "None", "totalOtherIncomeExpense": "-447000", "discontinuedOperations": "None", "netIncomeFromContinuingOperations": "-1149000", "netIncomeApplicableToCommonShares": "-1149000", "preferredStockAndOtherAdjustments": "None"}, {"fiscalDateEnding": "2018-09-30", "reportedCurrency": "USD", "totalRevenue": "None", "totalOperatingExpense": "1951000", "costOfRevenue": "None", "grossProfit": "None", "ebit": "-1891000", "netIncome": "-1891000", "researchAndDevelopment": "None", "effectOfAccountingCharges": "None", "incomeBeforeTax": "-1891000", "minorityInterest": "None", "sellingGeneralAdministrative": "514000", "otherNonOperatingIncome": "60000", "operatingIncome": "-1951000", "otherOperatingExpense": "367000", "interestExpense": "None", "taxProvision": "None", "interestIncome": "None", "netInterestIncome": "None", "extraordinaryItems": "None", "nonRecurring": "1070000", "otherItems": "None", "incomeTaxExpense": "None", "totalOtherIncomeExpense": "None", "discontinuedOperations": "None", "netIncomeFromContinuingOperations": "-1891000", "netIncomeApplicableToCommonShares": "-1891000", "preferredStockAndOtherAdjustments": "None"}, {"fiscalDateEnding": "2018-06-30", "reportedCurrency": "USD", "totalRevenue": "None", "totalOperatingExpense": "1262000", "costOfRevenue": "None", "grossProfit": "None", "ebit": "-398000", "netIncome": "-398000", "researchAndDevelopment": "None", "effectOfAccountingCharges": "None", "incomeBeforeTax": "-398000", "minorityInterest": "None", "sellingGeneralAdministrative": "836000", "otherNonOperatingIncome": "864000", "operatingIncome": "-1262000", "otherOperatingExpense": "360000", "interestExpense": "None", "taxProvision": "None", "interestIncome": "None", "netInterestIncome": "None", "extraordinaryItems": "None", "nonRecurring": "66000", "otherItems": "None", "incomeTaxExpense": "None", "totalOtherIncomeExpense": "None", "discontinuedOperations": "None", "netIncomeFromContinuingOperations": "-398000", "netIncomeApplicableToCommonShares": "-398000", "preferredStockAndOtherAdjustments": "None"}, {"fiscalDateEnding": "2018-03-31", "reportedCurrency": "USD", "totalRevenue": "None", "totalOperatingExpense": "1577000", "costOfRevenue": "None", "grossProfit": "None", "ebit": "-1486000", "netIncome": "-1486000", "researchAndDevelopment": "None", "effectOfAccountingCharges": "None", "incomeBeforeTax": "-1486000", "minorityInterest": "None", "sellingGeneralAdministrative": "1094000", "otherNonOperatingIncome": "91000", "operatingIncome": "-1577000", "otherOperatingExpense": "338000", "interestExpense": "None", "taxProvision": "None", "interestIncome": "None", "netInterestIncome": "None", "extraordinaryItems": "None", "nonRecurring": "145000", "otherItems": "None", "incomeTaxExpense": "None", "totalOtherIncomeExpense": "None", "discontinuedOperations": "None", "netIncomeFromContinuingOperations": "-1486000", "netIncomeApplicableToCommonShares": "-1486000", "preferredStockAndOtherAdjustments": "None"}, {"fiscalDateEnding": "2017-12-31", "reportedCurrency": "USD", "totalRevenue": "284000", "totalOperatingExpense": "1401000", "costOfRevenue": "None", "grossProfit": "284000", "ebit": "-986000", "netIncome": "-986000", "researchAndDevelopment": "None", "effectOfAccountingCharges": "None", "incomeBeforeTax": "-986000", "minorityInterest": "None", "sellingGeneralAdministrative": "1055000", "otherNonOperatingIncome": "131000", "operatingIncome": "-1117000", "otherOperatingExpense": "346000", "interestExpense": "None", "taxProvision": "None", "interestIncome": "None", "netInterestIncome": "None", "extraordinaryItems": "None", "nonRecurring": "None", "otherItems": "None", "incomeTaxExpense": "None", "totalOtherIncomeExpense": "None", "discontinuedOperations": "None", "netIncomeFromContinuingOperations": "-986000", "netIncomeApplicableToCommonShares": "-986000", "preferredStockAndOtherAdjustments": "None"}, {"fiscalDateEnding": "2017-09-30", "reportedCurrency": "USD", "totalRevenue": "314000", "totalOperatingExpense": "1273000", "costOfRevenue": "None", "grossProfit": "314000", "ebit": "459000", "netIncome": "459000", "researchAndDevelopment": "None", "effectOfAccountingCharges": "None", "incomeBeforeTax": "459000", "minorityInterest": "None", "sellingGeneralAdministrative": "927000", "otherNonOperatingIncome": "1418000", "operatingIncome": "-959000", "otherOperatingExpense": "346000", "interestExpense": "None", "taxProvision": "None", "interestIncome": "None", "netInterestIncome": "None", "extraordinaryItems": "None", "nonRecurring": "None", "otherItems": "None", "incomeTaxExpense": "None", "totalOtherIncomeExpense": "None", "discontinuedOperations": "None", "netIncomeFromContinuingOperations": "459000", "netIncomeApplicableToCommonShares": "459000", "preferredStockAndOtherAdjustments": "None"}, {"fiscalDateEnding": "2017-06-30", "reportedCurrency": "USD", "totalRevenue": "311000", "totalOperatingExpense": "1088000", "costOfRevenue": "None", "grossProfit": "311000", "ebit": "-1860000", "netIncome": "-1860000", "researchAndDevelopment": "None", "effectOfAccountingCharges": "None", "incomeBeforeTax": "-1860000", "minorityInterest": "None", "sellingGeneralAdministrative": "745000", "otherNonOperatingIncome": "-1083000", "operatingIncome": "-777000", "otherOperatingExpense": "343000", "interestExpense": "None", "taxProvision": "None", "interestIncome": "None", "netInterestIncome": "None", "extraordinaryItems": "None", "nonRecurring": "None", "otherItems": "None", "incomeTaxExpense": "None", "totalOtherIncomeExpense": "None", "discontinuedOperations": "None", "netIncomeFromContinuingOperations": "-1860000", "netIncomeApplicableToCommonShares": "-1860000", "preferredStockAndOtherAdjustments": "None"}, {"fiscalDateEnding": "2017-03-31", "reportedCurrency": "USD", "totalRevenue": "327000", "totalOperatingExpense": "1296000", "costOfRevenue": "None", "grossProfit": "327000", "ebit": "-919000", "netIncome": "-919000", "researchAndDevelopment": "None", "effectOfAccountingCharges": "None", "incomeBeforeTax": "-919000", "minorityInterest": "None", "sellingGeneralAdministrative": "958000", "otherNonOperatingIncome": "50000", "operatingIncome": "-969000", "otherOperatingExpense": "338000", "interestExpense": "None", "taxProvision": "None", "interestIncome": "None", "netInterestIncome": "None", "extraordinaryItems": "None", "nonRecurring": "None", "otherItems": "None", "incomeTaxExpense": "None", "totalOtherIncomeExpense": "None", "discontinuedOperations": "None", "netIncomeFromContinuingOperations": "-919000", "netIncomeApplicableToCommonShares": "-919000", "preferredStockAndOtherAdjustments": "None"}, {"fiscalDateEnding": "2016-12-31", "reportedCurrency": "USD", "totalRevenue": "314000", "totalOperatingExpense": "4196000", "costOfRevenue": "None", "grossProfit": "314000", "ebit": "-3903000", "netIncome": "-3903000", "researchAndDevelopment": "None", "effectOfAccountingCharges": "None", "incomeBeforeTax": "-3903000", "minorityInterest": "None", "sellingGeneralAdministrative": "946000", "otherNonOperatingIncome": "-21000", "operatingIncome": "-3882000", "otherOperatingExpense": "537000", "interestExpense": "None", "taxProvision": "None", "interestIncome": "None", "netInterestIncome": "None", "extraordinaryItems": "None", "nonRecurring": "2713000", "otherItems": "None", "incomeTaxExpense": "None", "totalOtherIncomeExpense": "None", "discontinuedOperations": "None", "netIncomeFromContinuingOperations": "-3903000", "netIncomeApplicableToCommonShares": "-3236000", "preferredStockAndOtherAdjustments": "-32147000"}, {"fiscalDateEnding": "2016-09-30", "reportedCurrency": "USD", "totalRevenue": "314000", "totalOperatingExpense": "1800000", "costOfRevenue": "None", "grossProfit": "314000", "ebit": "-446000", "netIncome": "-446000", "researchAndDevelopment": "None", "effectOfAccountingCharges": "None", "incomeBeforeTax": "-446000", "minorityInterest": "None", "sellingGeneralAdministrative": "1264000", "otherNonOperatingIncome": "1040000", "operatingIncome": "-1486000", "otherOperatingExpense": "536000", "interestExpense": "None", "taxProvision": "None", "interestIncome": "None", "netInterestIncome": "None", "extraordinaryItems": "None", "nonRecurring": "None", "otherItems": "None", "incomeTaxExpense": "None", "totalOtherIncomeExpense": "None", "discontinuedOperations": "None", "netIncomeFromContinuingOperations": "-446000", "netIncomeApplicableToCommonShares": "-446000", "preferredStockAndOtherAdjustments": "None"}, {"fiscalDateEnding": "2016-06-30", "reportedCurrency": "USD", "totalRevenue": "177000", "totalOperatingExpense": "1799000", "costOfRevenue": "None", "grossProfit": "177000", "ebit": "-2078000", "netIncome": "-2078000", "researchAndDevelopment": "None", "effectOfAccountingCharges": "None", "incomeBeforeTax": "-2078000", "minorityInterest": "None", "sellingGeneralAdministrative": "1268000", "otherNonOperatingIncome": "-456000", "operatingIncome": "-1622000", "otherOperatingExpense": "531000", "interestExpense": "None", "taxProvision": "None", "interestIncome": "None", "netInterestIncome": "None", "extraordinaryItems": "None", "nonRecurring": "None", "otherItems": "None", "incomeTaxExpense": "None", "totalOtherIncomeExpense": "None", "discontinuedOperations": "None", "netIncomeFromContinuingOperations": "-2078000", "netIncomeApplicableToCommonShares": "29402000", "preferredStockAndOtherAdjustments": "None"}, {"fiscalDateEnding": "2016-03-31", "reportedCurrency": "USD", "totalRevenue": "72000", "totalOperatingExpense": "1633000", "costOfRevenue": "None", "grossProfit": "72000", "ebit": "-49000", "netIncome": "-49000", "researchAndDevelopment": "None", "effectOfAccountingCharges": "None", "incomeBeforeTax": "-49000", "minorityInterest": "None", "sellingGeneralAdministrative": "1102000", "otherNonOperatingIncome": "1512000", "operatingIncome": "-1561000", "otherOperatingExpense": "531000", "interestExpense": "None", "taxProvision": "None", "interestIncome": "None", "netInterestIncome": "None", "extraordinaryItems": "None", "nonRecurring": "None", "otherItems": "None", "incomeTaxExpense": "None", "totalOtherIncomeExpense": "None", "discontinuedOperations": "None", "netIncomeFromContinuingOperations": "-49000", "netIncomeApplicableToCommonShares": "-716000", "preferredStockAndOtherAdjustments": "667000"}, {"fiscalDateEnding": "2015-12-31", "reportedCurrency": "USD", "totalRevenue": "31000", "totalOperatingExpense": "2519000", "costOfRevenue": "None", "grossProfit": "31000", "ebit": "-1201000", "netIncome": "-1201000", "researchAndDevelopment": "None", "effectOfAccountingCharges": "None", "incomeBeforeTax": "-1201000", "minorityInterest": "None", "sellingGeneralAdministrative": "1552000", "otherNonOperatingIncome": "1287000", "operatingIncome": "-2488000", "otherOperatingExpense": "724000", "interestExpense": "None", "taxProvision": "None", "interestIncome": "None", "netInterestIncome": "None", "extraordinaryItems": "None", "nonRecurring": "243000", "otherItems": "None", "incomeTaxExpense": "None", "totalOtherIncomeExpense": "None", "discontinuedOperations": "None", "netIncomeFromContinuingOperations": "-1201000", "netIncomeApplicableToCommonShares": "7961000", "preferredStockAndOtherAdjustments": "323000"}, {"fiscalDateEnding": "2015-09-30", "reportedCurrency": "USD", "totalRevenue": "None", "totalOperatingExpense": "1959000", "costOfRevenue": "None", "grossProfit": "None", "ebit": "-2726000", "netIncome": "-2726000", "researchAndDevelopment": "None", "effectOfAccountingCharges": "None", "incomeBeforeTax": "-2726000", "minorityInterest": "None", "sellingGeneralAdministrative": "1237000", "otherNonOperatingIncome": "-767000", "operatingIncome": "-1959000", "otherOperatingExpense": "722000", "interestExpense": "None", "taxProvision": "None", "interestIncome": "None", "netInterestIncome": "None", "extraordinaryItems": "None", "nonRecurring": "None", "otherItems": "None", "incomeTaxExpense": "None", "totalOtherIncomeExpense": "None", "discontinuedOperations": "None", "netIncomeFromContinuingOperations": "-2726000", "netIncomeApplicableToCommonShares": "-2726000", "preferredStockAndOtherAdjustments": "None"}, {"fiscalDateEnding": "2015-06-30", "reportedCurrency": "USD", "totalRevenue": "None", "totalOperatingExpense": "43447000", "costOfRevenue": "None", "grossProfit": "None", "ebit": "-43452000", "netIncome": "-43452000", "researchAndDevelopment": "None", "effectOfAccountingCharges": "None", "incomeBeforeTax": "-43452000", "minorityInterest": "None", "sellingGeneralAdministrative": "641000", "otherNonOperatingIncome": "-5000", "operatingIncome": "-43447000", "otherOperatingExpense": "2449000", "interestExpense": "None", "taxProvision": "None", "interestIncome": "None", "netInterestIncome": "None", "extraordinaryItems": "None", "nonRecurring": "40357000", "otherItems": "None", "incomeTaxExpense": "None", "totalOtherIncomeExpense": "None", "discontinuedOperations": "None", "netIncomeFromContinuingOperations": "-43452000", "netIncomeApplicableToCommonShares": "-43452000", "preferredStockAndOtherAdjustments": "None"}, {"fiscalDateEnding": "2015-03-31", "reportedCurrency": "USD", "totalRevenue": "2000", "totalOperatingExpense": "4118000", "costOfRevenue": "None", "grossProfit": "2000", "ebit": "-4086000", "netIncome": "-4086000", "researchAndDevelopment": "None", "effectOfAccountingCharges": "None", "incomeBeforeTax": "-4086000", "minorityInterest": "None", "sellingGeneralAdministrative": "1696000", "otherNonOperatingIncome": "30000", "operatingIncome": "-4116000", "otherOperatingExpense": "2422000", "interestExpense": "None", "taxProvision": "None", "interestIncome": "None", "netInterestIncome": "None", "extraordinaryItems": "None", "nonRecurring": "None", "otherItems": "None", "incomeTaxExpense": "None", "totalOtherIncomeExpense": "None", "discontinuedOperations": "None", "netIncomeFromContinuingOperations": "-4086000", "netIncomeApplicableToCommonShares": "-4086000", "preferredStockAndOtherAdjustments": "None"}]}