{"symbol": "AIMC", "annualReports": [{"fiscalDateEnding": "2019-12-31", "reportedCurrency": "USD", "totalRevenue": "1834100000", "totalOperatingExpense": "432200000", "costOfRevenue": "1177800000", "grossProfit": "656300000", "ebit": "222000000", "netIncome": "127200000", "researchAndDevelopment": "59100000", "effectOfAccountingCharges": "None", "incomeBeforeTax": "148200000", "minorityInterest": "None", "sellingGeneralAdministrative": "359000000", "otherNonOperatingIncome": "-2100000", "operatingIncome": "224100000", "otherOperatingExpense": "None", "interestExpense": "73800000", "taxProvision": "21000000", "interestIncome": "-73800000", "netInterestIncome": "-73800000", "extraordinaryItems": "None", "nonRecurring": "14100000", "otherItems": "None", "incomeTaxExpense": "21000000", "totalOtherIncomeExpense": "-16200000", "discontinuedOperations": "None", "netIncomeFromContinuingOperations": "127200000", "netIncomeApplicableToCommonShares": "127200000", "preferredStockAndOtherAdjustments": "None"}, {"fiscalDateEnding": "2018-12-31", "reportedCurrency": "USD", "totalRevenue": "1175342000", "totalOperatingExpense": "289434000", "costOfRevenue": "799231000", "grossProfit": "376111000", "ebit": "80349000", "netIncome": "35341000", "researchAndDevelopment": "33076000", "effectOfAccountingCharges": "None", "incomeBeforeTax": "51748000", "minorityInterest": "None", "sellingGeneralAdministrative": "251909000", "otherNonOperatingIncome": "-6328000", "operatingIncome": "86677000", "otherOperatingExpense": "None", "interestExpense": "28601000", "taxProvision": "16407000", "interestIncome": "-28601000", "netInterestIncome": "-28601000", "extraordinaryItems": "None", "nonRecurring": "4449000", "otherItems": "None", "incomeTaxExpense": "16407000", "totalOtherIncomeExpense": "-10777000", "discontinuedOperations": "None", "netIncomeFromContinuingOperations": "35341000", "netIncomeApplicableToCommonShares": "35341000", "preferredStockAndOtherAdjustments": "None"}, {"fiscalDateEnding": "2017-12-31", "reportedCurrency": "USD", "totalRevenue": "876737000", "totalOperatingExpense": "194789000", "costOfRevenue": "600961000", "grossProfit": "275776000", "ebit": "78837000", "netIncome": "51427000", "researchAndDevelopment": "24434000", "effectOfAccountingCharges": "None", "incomeBeforeTax": "71127000", "minorityInterest": "None", "sellingGeneralAdministrative": "166212000", "otherNonOperatingIncome": "-2150000", "operatingIncome": "80987000", "otherOperatingExpense": "None", "interestExpense": "7710000", "taxProvision": "19700000", "interestIncome": "-7710000", "netInterestIncome": "-7710000", "extraordinaryItems": "7800000", "nonRecurring": "4143000", "otherItems": "None", "incomeTaxExpense": "19700000", "totalOtherIncomeExpense": "-8013000", "discontinuedOperations": "None", "netIncomeFromContinuingOperations": "51427000", "netIncomeApplicableToCommonShares": "51427000", "preferredStockAndOtherAdjustments": "None"}, {"fiscalDateEnding": "2016-12-31", "reportedCurrency": "USD", "totalRevenue": "708906000", "totalOperatingExpense": "174586000", "costOfRevenue": "486774000", "grossProfit": "222132000", "ebit": "45564000", "netIncome": "25140000", "researchAndDevelopment": "17677000", "effectOfAccountingCharges": "None", "incomeBeforeTax": "33885000", "minorityInterest": "None", "sellingGeneralAdministrative": "140492000", "otherNonOperatingIncome": "-1982000", "operatingIncome": "47546000", "otherOperatingExpense": "None", "interestExpense": "11679000", "taxProvision": "8745000", "interestIncome": "-11679000", "netInterestIncome": "-11679000", "extraordinaryItems": "None", "nonRecurring": "16417000", "otherItems": "None", "incomeTaxExpense": "8745000", "totalOtherIncomeExpense": "-18399000", "discontinuedOperations": "None", "netIncomeFromContinuingOperations": "25140000", "netIncomeApplicableToCommonShares": "25140000", "preferredStockAndOtherAdjustments": "None"}, {"fiscalDateEnding": "2015-12-31", "reportedCurrency": "USD", "totalRevenue": "746652000", "totalOperatingExpense": "164249000", "costOfRevenue": "518189000", "grossProfit": "228463000", "ebit": "63251000", "netIncome": "35406000", "researchAndDevelopment": "17818000", "effectOfAccountingCharges": "None", "incomeBeforeTax": "51087000", "minorityInterest": "-63000", "sellingGeneralAdministrative": "139217000", "otherNonOperatingIncome": "-963000", "operatingIncome": "64214000", "otherOperatingExpense": "None", "interestExpense": "12164000", "taxProvision": "15744000", "interestIncome": "-12164000", "netInterestIncome": "None", "extraordinaryItems": "None", "nonRecurring": "7214000", "otherItems": "None", "incomeTaxExpense": "15744000", "totalOtherIncomeExpense": "-20341000", "discontinuedOperations": "None", "netIncomeFromContinuingOperations": "35343000", "netIncomeApplicableToCommonShares": "35406000", "preferredStockAndOtherAdjustments": "None"}], "quarterlyReports": [{"fiscalDateEnding": "2020-06-30", "reportedCurrency": "USD", "totalRevenue": "400800000", "totalOperatingExpense": "91300000", "costOfRevenue": "257400000", "grossProfit": "143400000", "ebit": "49600000", "netIncome": "21700000", "researchAndDevelopment": "14000000", "effectOfAccountingCharges": "None", "incomeBeforeTax": "30800000", "minorityInterest": "None", "sellingGeneralAdministrative": "75800000", "otherNonOperatingIncome": "-2500000", "operatingIncome": "52100000", "otherOperatingExpense": "None", "interestExpense": "18800000", "taxProvision": "9100000", "interestIncome": "-18800000", "netInterestIncome": "-18800000", "extraordinaryItems": "None", "nonRecurring": "1500000", "otherItems": "None", "incomeTaxExpense": "9100000", "totalOtherIncomeExpense": "-4000000", "discontinuedOperations": "None", "netIncomeFromContinuingOperations": "21700000", "netIncomeApplicableToCommonShares": "21700000", "preferredStockAndOtherAdjustments": "None"}, {"fiscalDateEnding": "2020-03-31", "reportedCurrency": "USD", "totalRevenue": "434200000", "totalOperatingExpense": "251000000", "costOfRevenue": "281200000", "grossProfit": "153000000", "ebit": "-96500000", "netIncome": "-116600000", "researchAndDevelopment": "14800000", "effectOfAccountingCharges": "None", "incomeBeforeTax": "-113900000", "minorityInterest": "None", "sellingGeneralAdministrative": "87100000", "otherNonOperatingIncome": "1500000", "operatingIncome": "-98000000", "otherOperatingExpense": "None", "interestExpense": "17400000", "taxProvision": "2700000", "interestIncome": "-17400000", "netInterestIncome": "-17400000", "extraordinaryItems": "None", "nonRecurring": "149100000", "otherItems": "None", "incomeTaxExpense": "2700000", "totalOtherIncomeExpense": "-147600000", "discontinuedOperations": "None", "netIncomeFromContinuingOperations": "-116600000", "netIncomeApplicableToCommonShares": "-116600000", "preferredStockAndOtherAdjustments": "None"}, {"fiscalDateEnding": "2019-12-31", "reportedCurrency": "USD", "totalRevenue": "441900000", "totalOperatingExpense": "105300000", "costOfRevenue": "284500000", "grossProfit": "157400000", "ebit": "51100000", "netIncome": "37300000", "researchAndDevelopment": "14700000", "effectOfAccountingCharges": "None", "incomeBeforeTax": "33900000", "minorityInterest": "None", "sellingGeneralAdministrative": "88200000", "otherNonOperatingIncome": "-1000000", "operatingIncome": "52100000", "otherOperatingExpense": "None", "interestExpense": "17200000", "taxProvision": "-3400000", "interestIncome": "-17200000", "netInterestIncome": "-17200000", "extraordinaryItems": "None", "nonRecurring": "2400000", "otherItems": "None", "incomeTaxExpense": "-3400000", "totalOtherIncomeExpense": "-3400000", "discontinuedOperations": "None", "netIncomeFromContinuingOperations": "37300000", "netIncomeApplicableToCommonShares": "37300000", "preferredStockAndOtherAdjustments": "None"}, {"fiscalDateEnding": "2019-09-30", "reportedCurrency": "USD", "totalRevenue": "442900000", "totalOperatingExpense": "108500000", "costOfRevenue": "285900000", "grossProfit": "157000000", "ebit": "48900000", "netIncome": "25700000", "researchAndDevelopment": "14400000", "effectOfAccountingCharges": "None", "incomeBeforeTax": "30700000", "minorityInterest": "None", "sellingGeneralAdministrative": "87900000", "otherNonOperatingIncome": "400000", "operatingIncome": "48500000", "otherOperatingExpense": "None", "interestExpense": "18200000", "taxProvision": "5000000", "interestIncome": "-18200000", "netInterestIncome": "-18200000", "extraordinaryItems": "None", "nonRecurring": "6200000", "otherItems": "None", "incomeTaxExpense": "5000000", "totalOtherIncomeExpense": "-5800000", "discontinuedOperations": "None", "netIncomeFromContinuingOperations": "25700000", "netIncomeApplicableToCommonShares": "25700000", "preferredStockAndOtherAdjustments": "None"}, {"fiscalDateEnding": "2019-06-30", "reportedCurrency": "USD", "totalRevenue": "466500000", "totalOperatingExpense": "109900000", "costOfRevenue": "299500000", "grossProfit": "167000000", "ebit": "56700000", "netIncome": "29000000", "researchAndDevelopment": "14700000", "effectOfAccountingCharges": "None", "incomeBeforeTax": "38100000", "minorityInterest": "None", "sellingGeneralAdministrative": "92000000", "otherNonOperatingIncome": "-400000", "operatingIncome": "57100000", "otherOperatingExpense": "None", "interestExpense": "18600000", "taxProvision": "9100000", "interestIncome": "-18600000", "netInterestIncome": "-18600000", "extraordinaryItems": "None", "nonRecurring": "3200000", "otherItems": "None", "incomeTaxExpense": "9100000", "totalOtherIncomeExpense": "-3600000", "discontinuedOperations": "None", "netIncomeFromContinuingOperations": "29000000", "netIncomeApplicableToCommonShares": "29000000", "preferredStockAndOtherAdjustments": "None"}, {"fiscalDateEnding": "2019-03-31", "reportedCurrency": "USD", "totalRevenue": "482800000", "totalOperatingExpense": "108500000", "costOfRevenue": "307900000", "grossProfit": "174900000", "ebit": "65300000", "netIncome": "35200000", "researchAndDevelopment": "15300000", "effectOfAccountingCharges": "None", "incomeBeforeTax": "45500000", "minorityInterest": "None", "sellingGeneralAdministrative": "90900000", "otherNonOperatingIncome": "-1100000", "operatingIncome": "66400000", "otherOperatingExpense": "None", "interestExpense": "19800000", "taxProvision": "10300000", "interestIncome": "None", "netInterestIncome": "-19800000", "extraordinaryItems": "None", "nonRecurring": "2300000", "otherItems": "None", "incomeTaxExpense": "10300000", "totalOtherIncomeExpense": "-3400000", "discontinuedOperations": "None", "netIncomeFromContinuingOperations": "35200000", "netIncomeApplicableToCommonShares": "35200000", "preferredStockAndOtherAdjustments": "None"}, {"fiscalDateEnding": "2018-12-31", "reportedCurrency": "USD", "totalRevenue": "469151000", "totalOperatingExpense": "133479000", "costOfRevenue": "317461000", "grossProfit": "151690000", "ebit": "17185000", "netIncome": "-4980000", "researchAndDevelopment": "14612000", "effectOfAccountingCharges": "0", "incomeBeforeTax": "-5559000", "minorityInterest": "0", "sellingGeneralAdministrative": "116537000", "otherNonOperatingIncome": "-1026000", "operatingIncome": "18211000", "otherOperatingExpense": "0", "interestExpense": "22744000", "taxProvision": "None", "interestIncome": "None", "netInterestIncome": "None", "extraordinaryItems": "0", "nonRecurring": "2330000", "otherItems": "0", "incomeTaxExpense": "-579000", "totalOtherIncomeExpense": "-64258000", "discontinuedOperations": "0", "netIncomeFromContinuingOperations": "-4980000", "netIncomeApplicableToCommonShares": "-4980000", "preferredStockAndOtherAdjustments": "None"}, {"fiscalDateEnding": "2018-09-30", "reportedCurrency": "USD", "totalRevenue": "228483000", "totalOperatingExpense": "51203000", "costOfRevenue": "156543000", "grossProfit": "71940000", "ebit": "20093000", "netIncome": "12313000", "researchAndDevelopment": "5733000", "effectOfAccountingCharges": "0", "incomeBeforeTax": "18135000", "minorityInterest": "0", "sellingGeneralAdministrative": "44860000", "otherNonOperatingIncome": "-644000", "operatingIncome": "20737000", "otherOperatingExpense": "0", "interestExpense": "1958000", "taxProvision": "None", "interestIncome": "None", "netInterestIncome": "None", "extraordinaryItems": "0", "nonRecurring": "610000", "otherItems": "0", "incomeTaxExpense": "5822000", "totalOtherIncomeExpense": "-7812000", "discontinuedOperations": "0", "netIncomeFromContinuingOperations": "12313000", "netIncomeApplicableToCommonShares": "12313000", "preferredStockAndOtherAdjustments": "None"}, {"fiscalDateEnding": "2018-06-30", "reportedCurrency": "USD", "totalRevenue": "237323000", "totalOperatingExpense": "50206000", "costOfRevenue": "159068000", "grossProfit": "78255000", "ebit": "28331000", "netIncome": "19007000", "researchAndDevelopment": "6258000", "effectOfAccountingCharges": "0", "incomeBeforeTax": "26266000", "minorityInterest": "0", "sellingGeneralAdministrative": "43382000", "otherNonOperatingIncome": "282000", "operatingIncome": "28049000", "otherOperatingExpense": "0", "interestExpense": "2065000", "taxProvision": "None", "interestIncome": "None", "netInterestIncome": "None", "extraordinaryItems": "0", "nonRecurring": "566000", "otherItems": "0", "incomeTaxExpense": "7259000", "totalOtherIncomeExpense": "-2349000", "discontinuedOperations": "0", "netIncomeFromContinuingOperations": "19007000", "netIncomeApplicableToCommonShares": "19007000", "preferredStockAndOtherAdjustments": "None"}, {"fiscalDateEnding": "2018-03-31", "reportedCurrency": "USD", "totalRevenue": "240385000", "totalOperatingExpense": "54546000", "costOfRevenue": "166159000", "grossProfit": "74226000", "ebit": "14740000", "netIncome": "9001000", "researchAndDevelopment": "6473000", "effectOfAccountingCharges": "0", "incomeBeforeTax": "12906000", "minorityInterest": "0", "sellingGeneralAdministrative": "47130000", "otherNonOperatingIncome": "-4940000", "operatingIncome": "19680000", "otherOperatingExpense": "0", "interestExpense": "1834000", "taxProvision": "None", "interestIncome": "None", "netInterestIncome": "None", "extraordinaryItems": "0", "nonRecurring": "943000", "otherItems": "0", "incomeTaxExpense": "3905000", "totalOtherIncomeExpense": "-7717000", "discontinuedOperations": "0", "netIncomeFromContinuingOperations": "9001000", "netIncomeApplicableToCommonShares": "9001000", "preferredStockAndOtherAdjustments": "None"}, {"fiscalDateEnding": "2017-12-31", "reportedCurrency": "USD", "totalRevenue": "223322000", "totalOperatingExpense": "49567000", "costOfRevenue": "154852000", "grossProfit": "68470000", "ebit": "18580000", "netIncome": "12440000", "researchAndDevelopment": "6000000", "effectOfAccountingCharges": "0", "incomeBeforeTax": "16417000", "minorityInterest": "0", "sellingGeneralAdministrative": "43200000", "otherNonOperatingIncome": "-323000", "operatingIncome": "18903000", "otherOperatingExpense": "0", "interestExpense": "2163000", "taxProvision": "None", "interestIncome": "None", "netInterestIncome": "None", "extraordinaryItems": "0", "nonRecurring": "367000", "otherItems": "0", "incomeTaxExpense": "3977000", "totalOtherIncomeExpense": "-15563000", "discontinuedOperations": "0", "netIncomeFromContinuingOperations": "12440000", "netIncomeApplicableToCommonShares": "12440000", "preferredStockAndOtherAdjustments": "None"}, {"fiscalDateEnding": "2017-09-30", "reportedCurrency": "USD", "totalRevenue": "214623000", "totalOperatingExpense": "47740000", "costOfRevenue": "145610000", "grossProfit": "69013000", "ebit": "20577000", "netIncome": "13277000", "researchAndDevelopment": "6051000", "effectOfAccountingCharges": "0", "incomeBeforeTax": "18766000", "minorityInterest": "0", "sellingGeneralAdministrative": "41009000", "otherNonOperatingIncome": "-696000", "operatingIncome": "21273000", "otherOperatingExpense": "0", "interestExpense": "1811000", "taxProvision": "None", "interestIncome": "None", "netInterestIncome": "None", "extraordinaryItems": "0", "nonRecurring": "680000", "otherItems": "0", "incomeTaxExpense": "5489000", "totalOtherIncomeExpense": "-612000", "discontinuedOperations": "0", "netIncomeFromContinuingOperations": "13277000", "netIncomeApplicableToCommonShares": "13277000", "preferredStockAndOtherAdjustments": "None"}, {"fiscalDateEnding": "2017-06-30", "reportedCurrency": "USD", "totalRevenue": "223357000", "totalOperatingExpense": "48977000", "costOfRevenue": "151231000", "grossProfit": "72126000", "ebit": "23285000", "netIncome": "15384000", "researchAndDevelopment": "6160000", "effectOfAccountingCharges": "0", "incomeBeforeTax": "21254000", "minorityInterest": "0", "sellingGeneralAdministrative": "41619000", "otherNonOperatingIncome": "136000", "operatingIncome": "23149000", "otherOperatingExpense": "0", "interestExpense": "2031000", "taxProvision": "None", "interestIncome": "None", "netInterestIncome": "None", "extraordinaryItems": "0", "nonRecurring": "1198000", "otherItems": "0", "incomeTaxExpense": "5870000", "totalOtherIncomeExpense": "1077000", "discontinuedOperations": "0", "netIncomeFromContinuingOperations": "15384000", "netIncomeApplicableToCommonShares": "15384000", "preferredStockAndOtherAdjustments": "None"}, {"fiscalDateEnding": "2017-03-31", "reportedCurrency": "USD", "totalRevenue": "215435000", "totalOperatingExpense": "48505000", "costOfRevenue": "149268000", "grossProfit": "66167000", "ebit": "16395000", "netIncome": "10326000", "researchAndDevelopment": "6223000", "effectOfAccountingCharges": "0", "incomeBeforeTax": "14690000", "minorityInterest": "0", "sellingGeneralAdministrative": "40384000", "otherNonOperatingIncome": "-1267000", "operatingIncome": "17662000", "otherOperatingExpense": "0", "interestExpense": "1705000", "taxProvision": "None", "interestIncome": "None", "netInterestIncome": "None", "extraordinaryItems": "0", "nonRecurring": "1898000", "otherItems": "0", "incomeTaxExpense": "4364000", "totalOtherIncomeExpense": "-2972000", "discontinuedOperations": "0", "netIncomeFromContinuingOperations": "10326000", "netIncomeApplicableToCommonShares": "10326000", "preferredStockAndOtherAdjustments": "None"}, {"fiscalDateEnding": "2016-12-31", "reportedCurrency": "USD", "totalRevenue": "172647000", "totalOperatingExpense": "49102000", "costOfRevenue": "117520000", "grossProfit": "55127000", "ebit": "3605000", "netIncome": "1668000", "researchAndDevelopment": "4332000", "effectOfAccountingCharges": "0", "incomeBeforeTax": "541000", "minorityInterest": "0", "sellingGeneralAdministrative": "34944000", "otherNonOperatingIncome": "-2420000", "operatingIncome": "6025000", "otherOperatingExpense": "0", "interestExpense": "3064000", "taxProvision": "None", "interestIncome": "None", "netInterestIncome": "None", "extraordinaryItems": "0", "nonRecurring": "9826000", "otherItems": "0", "incomeTaxExpense": "-1127000", "totalOtherIncomeExpense": "-29518000", "discontinuedOperations": "0", "netIncomeFromContinuingOperations": "1668000", "netIncomeApplicableToCommonShares": "1668000", "preferredStockAndOtherAdjustments": "None"}, {"fiscalDateEnding": "2016-09-30", "reportedCurrency": "USD", "totalRevenue": "173132000", "totalOperatingExpense": "43806000", "costOfRevenue": "118957000", "grossProfit": "54175000", "ebit": "10324000", "netIncome": "5313000", "researchAndDevelopment": "4267000", "effectOfAccountingCharges": "0", "incomeBeforeTax": "7509000", "minorityInterest": "0", "sellingGeneralAdministrative": "36142000", "otherNonOperatingIncome": "-45000", "operatingIncome": "10369000", "otherOperatingExpense": "0", "interestExpense": "2815000", "taxProvision": "None", "interestIncome": "None", "netInterestIncome": "None", "extraordinaryItems": "0", "nonRecurring": "3397000", "otherItems": "0", "incomeTaxExpense": "2196000", "totalOtherIncomeExpense": "-161000", "discontinuedOperations": "0", "netIncomeFromContinuingOperations": "5313000", "netIncomeApplicableToCommonShares": "5313000", "preferredStockAndOtherAdjustments": "None"}, {"fiscalDateEnding": "2016-06-30", "reportedCurrency": "USD", "totalRevenue": "182674000", "totalOperatingExpense": "42025000", "costOfRevenue": "116963000", "grossProfit": "58200000", "ebit": "16380000", "netIncome": "9349000", "researchAndDevelopment": "4514000", "effectOfAccountingCharges": "0", "incomeBeforeTax": "13476000", "minorityInterest": "0", "sellingGeneralAdministrative": "35870000", "otherNonOperatingIncome": "205000", "operatingIncome": "16175000", "otherOperatingExpense": "0", "interestExpense": "2904000", "taxProvision": "None", "interestIncome": "None", "netInterestIncome": "None", "extraordinaryItems": "0", "nonRecurring": "1641000", "otherItems": "0", "incomeTaxExpense": "4127000", "totalOtherIncomeExpense": "-81000", "discontinuedOperations": "0", "netIncomeFromContinuingOperations": "9349000", "netIncomeApplicableToCommonShares": "9349000", "preferredStockAndOtherAdjustments": "None"}, {"fiscalDateEnding": "2016-03-31", "reportedCurrency": "USD", "totalRevenue": "180453000", "totalOperatingExpense": "39653000", "costOfRevenue": "125823000", "grossProfit": "54630000", "ebit": "15255000", "netIncome": "8810000", "researchAndDevelopment": "4564000", "effectOfAccountingCharges": "0", "incomeBeforeTax": "12359000", "minorityInterest": "0", "sellingGeneralAdministrative": "33536000", "otherNonOperatingIncome": "278000", "operatingIncome": "14977000", "otherOperatingExpense": "0", "interestExpense": "2896000", "taxProvision": "None", "interestIncome": "None", "netInterestIncome": "None", "extraordinaryItems": "0", "nonRecurring": "1553000", "otherItems": "0", "incomeTaxExpense": "3549000", "totalOtherIncomeExpense": "-2618000", "discontinuedOperations": "0", "netIncomeFromContinuingOperations": "8810000", "netIncomeApplicableToCommonShares": "8810000", "preferredStockAndOtherAdjustments": "None"}, {"fiscalDateEnding": "2015-12-31", "reportedCurrency": "USD", "totalRevenue": "173628000", "totalOperatingExpense": "40016000", "costOfRevenue": "119424000", "grossProfit": "54204000", "ebit": "13831000", "netIncome": "6108000", "researchAndDevelopment": "4312000", "effectOfAccountingCharges": "0", "incomeBeforeTax": "10525000", "minorityInterest": "-1000", "sellingGeneralAdministrative": "33484000", "otherNonOperatingIncome": "-357000", "operatingIncome": "14188000", "otherOperatingExpense": "0", "interestExpense": "3306000", "taxProvision": "None", "interestIncome": "None", "netInterestIncome": "None", "extraordinaryItems": "0", "nonRecurring": "2220000", "otherItems": "0", "incomeTaxExpense": "4418000", "totalOtherIncomeExpense": "-16732000", "discontinuedOperations": "0", "netIncomeFromContinuingOperations": "6107000", "netIncomeApplicableToCommonShares": "6108000", "preferredStockAndOtherAdjustments": "None"}, {"fiscalDateEnding": "2015-09-30", "reportedCurrency": "USD", "totalRevenue": "183053000", "totalOperatingExpense": "39140000", "costOfRevenue": "127253000", "grossProfit": "55800000", "ebit": "15975000", "netIncome": "10221000", "researchAndDevelopment": "4210000", "effectOfAccountingCharges": "0", "incomeBeforeTax": "13051000", "minorityInterest": "0", "sellingGeneralAdministrative": "34279000", "otherNonOperatingIncome": "-685000", "operatingIncome": "16660000", "otherOperatingExpense": "0", "interestExpense": "2924000", "taxProvision": "None", "interestIncome": "None", "netInterestIncome": "None", "extraordinaryItems": "0", "nonRecurring": "651000", "otherItems": "0", "incomeTaxExpense": "2830000", "totalOtherIncomeExpense": "119000", "discontinuedOperations": "0", "netIncomeFromContinuingOperations": "10221000", "netIncomeApplicableToCommonShares": "10221000", "preferredStockAndOtherAdjustments": "None"}, {"fiscalDateEnding": "2015-06-30", "reportedCurrency": "USD", "totalRevenue": "196610000", "totalOperatingExpense": "42273000", "costOfRevenue": "128997000", "grossProfit": "59986000", "ebit": "16963000", "netIncome": "9680000", "researchAndDevelopment": "4534000", "effectOfAccountingCharges": "0", "incomeBeforeTax": "13985000", "minorityInterest": "-54000", "sellingGeneralAdministrative": "35152000", "otherNonOperatingIncome": "-750000", "operatingIncome": "17713000", "otherOperatingExpense": "0", "interestExpense": "2978000", "taxProvision": "None", "interestIncome": "None", "netInterestIncome": "None", "extraordinaryItems": "0", "nonRecurring": "2587000", "otherItems": "0", "incomeTaxExpense": "4360000", "totalOtherIncomeExpense": "-1601000", "discontinuedOperations": "0", "netIncomeFromContinuingOperations": "9625000", "netIncomeApplicableToCommonShares": "9680000", "preferredStockAndOtherAdjustments": "None"}]}