{"symbol": "AIN", "annualReports": [{"fiscalDateEnding": "2019-12-31", "reportedCurrency": "USD", "totalRevenue": "1054132000", "totalOperatingExpense": "204125000", "costOfRevenue": "656431000", "grossProfit": "397701000", "ebit": "197862000", "netIncome": "132398000", "researchAndDevelopment": "37569000", "effectOfAccountingCharges": "None", "incomeBeforeTax": "178212000", "minorityInterest": "985000", "sellingGeneralAdministrative": "163651000", "otherNonOperatingIncome": "4286000", "operatingIncome": "193576000", "otherOperatingExpense": "None", "interestExpense": "19650000", "taxProvision": "44829000", "interestIncome": "2729000", "netInterestIncome": "-17269000", "extraordinaryItems": "None", "nonRecurring": "2905000", "otherItems": "None", "incomeTaxExpense": "44829000", "totalOtherIncomeExpense": "-1000000", "discontinuedOperations": "None", "netIncomeFromContinuingOperations": "133383000", "netIncomeApplicableToCommonShares": "132398000", "preferredStockAndOtherAdjustments": "None"}, {"fiscalDateEnding": "2018-12-31", "reportedCurrency": "USD", "totalRevenue": "982479000", "totalOperatingExpense": "212341000", "costOfRevenue": "632730000", "grossProfit": "349749000", "ebit": "135489000", "netIncome": "82891000", "researchAndDevelopment": "40582000", "effectOfAccountingCharges": "None", "incomeBeforeTax": "115247000", "minorityInterest": "128000", "sellingGeneralAdministrative": "156189000", "otherNonOperatingIncome": "-1919000", "operatingIncome": "137408000", "otherOperatingExpense": "None", "interestExpense": "20242000", "taxProvision": "32228000", "interestIncome": "2118000", "netInterestIncome": "-18541000", "extraordinaryItems": "-597000", "nonRecurring": "15570000", "otherItems": "None", "incomeTaxExpense": "32228000", "totalOtherIncomeExpense": "-19190000", "discontinuedOperations": "None", "netIncomeFromContinuingOperations": "83019000", "netIncomeApplicableToCommonShares": "82891000", "preferredStockAndOtherAdjustments": "None"}, {"fiscalDateEnding": "2017-12-31", "reportedCurrency": "USD", "totalRevenue": "863717000", "totalOperatingExpense": "219629000", "costOfRevenue": "567937000", "grossProfit": "295780000", "ebit": "73310000", "netIncome": "33111000", "researchAndDevelopment": "41174000", "effectOfAccountingCharges": "None", "incomeBeforeTax": "54708000", "minorityInterest": "-526000", "sellingGeneralAdministrative": "164964000", "otherNonOperatingIncome": "-2841000", "operatingIncome": "76151000", "otherOperatingExpense": "None", "interestExpense": "18602000", "taxProvision": "22123000", "interestIncome": "1511000", "netInterestIncome": "-17578000", "extraordinaryItems": "-6800000", "nonRecurring": "13491000", "otherItems": "None", "incomeTaxExpense": "22123000", "totalOtherIncomeExpense": "-17356000", "discontinuedOperations": "None", "netIncomeFromContinuingOperations": "32585000", "netIncomeApplicableToCommonShares": "33111000", "preferredStockAndOtherAdjustments": "None"}, {"fiscalDateEnding": "2016-12-31", "reportedCurrency": "USD", "totalRevenue": "779839000", "totalOperatingExpense": "208792000", "costOfRevenue": "479271000", "grossProfit": "300568000", "ebit": "93807000", "netIncome": "52733000", "researchAndDevelopment": "40304000", "effectOfAccountingCharges": "None", "incomeBeforeTax": "78266000", "minorityInterest": "79000", "sellingGeneralAdministrative": "160112000", "otherNonOperatingIncome": "2031000", "operatingIncome": "91776000", "otherOperatingExpense": "None", "interestExpense": "15541000", "taxProvision": "25454000", "interestIncome": "2077000", "netInterestIncome": "-14223000", "extraordinaryItems": "None", "nonRecurring": "8376000", "otherItems": "None", "incomeTaxExpense": "25454000", "totalOtherIncomeExpense": "-7663000", "discontinuedOperations": "None", "netIncomeFromContinuingOperations": "52812000", "netIncomeApplicableToCommonShares": "52733000", "preferredStockAndOtherAdjustments": "None"}, {"fiscalDateEnding": "2015-12-31", "reportedCurrency": "USD", "totalRevenue": "709868000", "totalOperatingExpense": "214791000", "costOfRevenue": "431182000", "grossProfit": "278686000", "ebit": "63319000", "netIncome": "57279000", "researchAndDevelopment": "44753000", "effectOfAccountingCharges": "None", "incomeBeforeTax": "51478000", "minorityInterest": "-14000", "sellingGeneralAdministrative": "146192000", "otherNonOperatingIncome": "-576000", "operatingIncome": "63895000", "otherOperatingExpense": "None", "interestExpense": "11841000", "taxProvision": "-5787000", "interestIncome": "-10608000", "netInterestIncome": "None", "extraordinaryItems": "None", "nonRecurring": "23846000", "otherItems": "None", "incomeTaxExpense": "-5787000", "totalOtherIncomeExpense": "-36263000", "discontinuedOperations": "None", "netIncomeFromContinuingOperations": "57265000", "netIncomeApplicableToCommonShares": "57279000", "preferredStockAndOtherAdjustments": "None"}], "quarterlyReports": [{"fiscalDateEnding": "2020-06-30", "reportedCurrency": "USD", "totalRevenue": "225990000", "totalOperatingExpense": "50253000", "costOfRevenue": "123010000", "grossProfit": "102980000", "ebit": "51636000", "netIncome": "32354000", "researchAndDevelopment": "8873000", "effectOfAccountingCharges": "None", "incomeBeforeTax": "47813000", "minorityInterest": "95000", "sellingGeneralAdministrative": "38543000", "otherNonOperatingIncome": "-1091000", "operatingIncome": "52727000", "otherOperatingExpense": "None", "interestExpense": "3823000", "taxProvision": "15364000", "interestIncome": "None", "netInterestIncome": "-3916000", "extraordinaryItems": "None", "nonRecurring": "2837000", "otherItems": "None", "incomeTaxExpense": "15364000", "totalOtherIncomeExpense": "-3835000", "discontinuedOperations": "None", "netIncomeFromContinuingOperations": "32449000", "netIncomeApplicableToCommonShares": "32354000", "preferredStockAndOtherAdjustments": "None"}, {"fiscalDateEnding": "2020-03-31", "reportedCurrency": "USD", "totalRevenue": "235764000", "totalOperatingExpense": "195528000", "costOfRevenue": "146292000", "grossProfit": "89472000", "ebit": "42095000", "netIncome": "9109000", "researchAndDevelopment": "9130000", "effectOfAccountingCharges": "None", "incomeBeforeTax": "20048000", "minorityInterest": "2600000", "sellingGeneralAdministrative": "40106000", "otherNonOperatingIncome": "None", "operatingIncome": "40236000", "otherOperatingExpense": "None", "interestExpense": "3977000", "taxProvision": "12454000", "interestIncome": "-18811000", "netInterestIncome": "-4052000", "extraordinaryItems": "None", "nonRecurring": "None", "otherItems": "None", "incomeTaxExpense": "12454000", "totalOtherIncomeExpense": "-16136000", "discontinuedOperations": "None", "netIncomeFromContinuingOperations": "7594000", "netIncomeApplicableToCommonShares": "9109000", "preferredStockAndOtherAdjustments": "None"}, {"fiscalDateEnding": "2019-12-31", "reportedCurrency": "USD", "totalRevenue": "257677000", "totalOperatingExpense": "53061000", "costOfRevenue": "161036000", "grossProfit": "96641000", "ebit": "45960000", "netIncome": "29145000", "researchAndDevelopment": "9246000", "effectOfAccountingCharges": "None", "incomeBeforeTax": "39345000", "minorityInterest": "446000", "sellingGeneralAdministrative": "42049000", "otherNonOperatingIncome": "2380000", "operatingIncome": "43580000", "otherOperatingExpense": "None", "interestExpense": "6615000", "taxProvision": "9754000", "interestIncome": "-3137000", "netInterestIncome": "-3972000", "extraordinaryItems": "None", "nonRecurring": "1766000", "otherItems": "None", "incomeTaxExpense": "9754000", "totalOtherIncomeExpense": "-2029000", "discontinuedOperations": "None", "netIncomeFromContinuingOperations": "29591000", "netIncomeApplicableToCommonShares": "29145000", "preferredStockAndOtherAdjustments": "None"}, {"fiscalDateEnding": "2019-09-30", "reportedCurrency": "USD", "totalRevenue": "271133000", "totalOperatingExpense": "48429000", "costOfRevenue": "167026000", "grossProfit": "104107000", "ebit": "57306000", "netIncome": "40009000", "researchAndDevelopment": "8832000", "effectOfAccountingCharges": "None", "incomeBeforeTax": "53319000", "minorityInterest": "116000", "sellingGeneralAdministrative": "39841000", "otherNonOperatingIncome": "1628000", "operatingIncome": "55678000", "otherOperatingExpense": "None", "interestExpense": "3987000", "taxProvision": "13194000", "interestIncome": "-1959000", "netInterestIncome": "-4068000", "extraordinaryItems": "None", "nonRecurring": "-244000", "otherItems": "None", "incomeTaxExpense": "13194000", "totalOtherIncomeExpense": "1953000", "discontinuedOperations": "None", "netIncomeFromContinuingOperations": "40125000", "netIncomeApplicableToCommonShares": "40009000", "preferredStockAndOtherAdjustments": "None"}, {"fiscalDateEnding": "2019-06-30", "reportedCurrency": "USD", "totalRevenue": "273949000", "totalOperatingExpense": "50957000", "costOfRevenue": "168767000", "grossProfit": "105182000", "ebit": "53295000", "netIncome": "34054000", "researchAndDevelopment": "9242000", "effectOfAccountingCharges": "None", "incomeBeforeTax": "48664000", "minorityInterest": "205000", "sellingGeneralAdministrative": "40816000", "otherNonOperatingIncome": "-930000", "operatingIncome": "54225000", "otherOperatingExpense": "None", "interestExpense": "4631000", "taxProvision": "14405000", "interestIncome": "-4973000", "netInterestIncome": "-4703000", "extraordinaryItems": "None", "nonRecurring": "899000", "otherItems": "None", "incomeTaxExpense": "14405000", "totalOtherIncomeExpense": "-1757000", "discontinuedOperations": "None", "netIncomeFromContinuingOperations": "34259000", "netIncomeApplicableToCommonShares": "34054000", "preferredStockAndOtherAdjustments": "None"}, {"fiscalDateEnding": "2019-03-31", "reportedCurrency": "USD", "totalRevenue": "251373000", "totalOperatingExpense": "51678000", "costOfRevenue": "159602000", "grossProfit": "91771000", "ebit": "41301000", "netIncome": "29190000", "researchAndDevelopment": "10249000", "effectOfAccountingCharges": "None", "incomeBeforeTax": "36884000", "minorityInterest": "218000", "sellingGeneralAdministrative": "40945000", "otherNonOperatingIncome": "1208000", "operatingIncome": "40093000", "otherOperatingExpense": "None", "interestExpense": "4417000", "taxProvision": "7476000", "interestIncome": "None", "netInterestIncome": "-4526000", "extraordinaryItems": "None", "nonRecurring": "484000", "otherItems": "None", "incomeTaxExpense": "7476000", "totalOtherIncomeExpense": "1114000", "discontinuedOperations": "None", "netIncomeFromContinuingOperations": "29408000", "netIncomeApplicableToCommonShares": "29190000", "preferredStockAndOtherAdjustments": "None"}, {"fiscalDateEnding": "2018-12-31", "reportedCurrency": "USD", "totalRevenue": "243020000", "totalOperatingExpense": "50446000", "costOfRevenue": "160126000", "grossProfit": "82894000", "ebit": "29556000", "netIncome": "14066000", "researchAndDevelopment": "10109000", "effectOfAccountingCharges": "0", "incomeBeforeTax": "22844000", "minorityInterest": "-319000", "sellingGeneralAdministrative": "38481000", "otherNonOperatingIncome": "-2892000", "operatingIncome": "32448000", "otherOperatingExpense": "0", "interestExpense": "6712000", "taxProvision": "None", "interestIncome": "None", "netInterestIncome": "None", "extraordinaryItems": "-1696000", "nonRecurring": "1856000", "otherItems": "0", "incomeTaxExpense": "9097000", "totalOtherIncomeExpense": "-8984000", "discontinuedOperations": "0", "netIncomeFromContinuingOperations": "13747000", "netIncomeApplicableToCommonShares": "14066000", "preferredStockAndOtherAdjustments": "None"}, {"fiscalDateEnding": "2018-09-30", "reportedCurrency": "USD", "totalRevenue": "253253000", "totalOperatingExpense": "51581000", "costOfRevenue": "160227000", "grossProfit": "93026000", "ebit": "44596000", "netIncome": "28215000", "researchAndDevelopment": "9958000", "effectOfAccountingCharges": "0", "incomeBeforeTax": "39975000", "minorityInterest": "269000", "sellingGeneralAdministrative": "39071000", "otherNonOperatingIncome": "3151000", "operatingIncome": "41445000", "otherOperatingExpense": "0", "interestExpense": "4621000", "taxProvision": "None", "interestIncome": "None", "netInterestIncome": "None", "extraordinaryItems": "0", "nonRecurring": "2552000", "otherItems": "0", "incomeTaxExpense": "11491000", "totalOtherIncomeExpense": "-3740000", "discontinuedOperations": "0", "netIncomeFromContinuingOperations": "28484000", "netIncomeApplicableToCommonShares": "28215000", "preferredStockAndOtherAdjustments": "None"}, {"fiscalDateEnding": "2018-06-30", "reportedCurrency": "USD", "totalRevenue": "256225000", "totalOperatingExpense": "49494000", "costOfRevenue": "164047000", "grossProfit": "92178000", "ebit": "41958000", "netIncome": "30365000", "researchAndDevelopment": "10198000", "effectOfAccountingCharges": "0", "incomeBeforeTax": "37337000", "minorityInterest": "-59000", "sellingGeneralAdministrative": "36707000", "otherNonOperatingIncome": "-726000", "operatingIncome": "42684000", "otherOperatingExpense": "0", "interestExpense": "4621000", "taxProvision": "None", "interestIncome": "None", "netInterestIncome": "None", "extraordinaryItems": "0", "nonRecurring": "2589000", "otherItems": "0", "incomeTaxExpense": "7031000", "totalOtherIncomeExpense": "-7677000", "discontinuedOperations": "0", "netIncomeFromContinuingOperations": "30306000", "netIncomeApplicableToCommonShares": "30365000", "preferredStockAndOtherAdjustments": "None"}, {"fiscalDateEnding": "2018-03-31", "reportedCurrency": "USD", "totalRevenue": "229981000", "totalOperatingExpense": "60820000", "costOfRevenue": "148330000", "grossProfit": "81651000", "ebit": "19379000", "netIncome": "10245000", "researchAndDevelopment": "10317000", "effectOfAccountingCharges": "0", "incomeBeforeTax": "15091000", "minorityInterest": "237000", "sellingGeneralAdministrative": "41930000", "otherNonOperatingIncome": "-1452000", "operatingIncome": "20831000", "otherOperatingExpense": "0", "interestExpense": "4288000", "taxProvision": "None", "interestIncome": "None", "netInterestIncome": "None", "extraordinaryItems": "0", "nonRecurring": "8573000", "otherItems": "0", "incomeTaxExpense": "4609000", "totalOtherIncomeExpense": "-14313000", "discontinuedOperations": "0", "netIncomeFromContinuingOperations": "10482000", "netIncomeApplicableToCommonShares": "10245000", "preferredStockAndOtherAdjustments": "None"}, {"fiscalDateEnding": "2017-12-31", "reportedCurrency": "USD", "totalRevenue": "226728000", "totalOperatingExpense": "54822000", "costOfRevenue": "149342000", "grossProfit": "77386000", "ebit": "20703000", "netIncome": "5886000", "researchAndDevelopment": "10386000", "effectOfAccountingCharges": "0", "incomeBeforeTax": "15143000", "minorityInterest": "-728000", "sellingGeneralAdministrative": "41165000", "otherNonOperatingIncome": "-1861000", "operatingIncome": "22564000", "otherOperatingExpense": "0", "interestExpense": "5560000", "taxProvision": "None", "interestIncome": "None", "netInterestIncome": "None", "extraordinaryItems": "0", "nonRecurring": "3271000", "otherItems": "0", "incomeTaxExpense": "9985000", "totalOtherIncomeExpense": "-37734000", "discontinuedOperations": "0", "netIncomeFromContinuingOperations": "5158000", "netIncomeApplicableToCommonShares": "5886000", "preferredStockAndOtherAdjustments": "None"}, {"fiscalDateEnding": "2017-09-30", "reportedCurrency": "USD", "totalRevenue": "222141000", "totalOperatingExpense": "57132000", "costOfRevenue": "142706000", "grossProfit": "79435000", "ebit": "23458000", "netIncome": "15269000", "researchAndDevelopment": "10553000", "effectOfAccountingCharges": "0", "incomeBeforeTax": "19029000", "minorityInterest": "-49000", "sellingGeneralAdministrative": "41076000", "otherNonOperatingIncome": "1155000", "operatingIncome": "22303000", "otherOperatingExpense": "0", "interestExpense": "4429000", "taxProvision": "None", "interestIncome": "None", "netInterestIncome": "None", "extraordinaryItems": "0", "nonRecurring": "5503000", "otherItems": "0", "incomeTaxExpense": "3809000", "totalOtherIncomeExpense": "0", "discontinuedOperations": "0", "netIncomeFromContinuingOperations": "15220000", "netIncomeApplicableToCommonShares": "15269000", "preferredStockAndOtherAdjustments": "None"}, {"fiscalDateEnding": "2017-06-30", "reportedCurrency": "USD", "totalRevenue": "215571000", "totalOperatingExpense": "53826000", "costOfRevenue": "152517000", "grossProfit": "63054000", "ebit": "7297000", "netIncome": "1117000", "researchAndDevelopment": "9973000", "effectOfAccountingCharges": "0", "incomeBeforeTax": "3012000", "minorityInterest": "116000", "sellingGeneralAdministrative": "41817000", "otherNonOperatingIncome": "-1931000", "operatingIncome": "9228000", "otherOperatingExpense": "0", "interestExpense": "4285000", "taxProvision": "None", "interestIncome": "None", "netInterestIncome": "None", "extraordinaryItems": "0", "nonRecurring": "2036000", "otherItems": "0", "incomeTaxExpense": "1779000", "totalOtherIncomeExpense": "0", "discontinuedOperations": "0", "netIncomeFromContinuingOperations": "1233000", "netIncomeApplicableToCommonShares": "1117000", "preferredStockAndOtherAdjustments": "None"}, {"fiscalDateEnding": "2017-03-31", "reportedCurrency": "USD", "totalRevenue": "199277000", "totalOperatingExpense": "53849000", "costOfRevenue": "123372000", "grossProfit": "75905000", "ebit": "21852000", "netIncome": "10839000", "researchAndDevelopment": "10262000", "effectOfAccountingCharges": "0", "incomeBeforeTax": "17524000", "minorityInterest": "135000", "sellingGeneralAdministrative": "40906000", "otherNonOperatingIncome": "-204000", "operatingIncome": "22056000", "otherOperatingExpense": "0", "interestExpense": "4328000", "taxProvision": "None", "interestIncome": "None", "netInterestIncome": "None", "extraordinaryItems": "0", "nonRecurring": "2681000", "otherItems": "0", "incomeTaxExpense": "6550000", "totalOtherIncomeExpense": "0", "discontinuedOperations": "0", "netIncomeFromContinuingOperations": "10974000", "netIncomeApplicableToCommonShares": "10839000", "preferredStockAndOtherAdjustments": "None"}, {"fiscalDateEnding": "2016-12-31", "reportedCurrency": "USD", "totalRevenue": "213046000", "totalOperatingExpense": "50502000", "costOfRevenue": "135714000", "grossProfit": "77332000", "ebit": "26758000", "netIncome": "15796000", "researchAndDevelopment": "10664000", "effectOfAccountingCharges": "0", "incomeBeforeTax": "20827000", "minorityInterest": "190000", "sellingGeneralAdministrative": "39115000", "otherNonOperatingIncome": "-72000", "operatingIncome": "26830000", "otherOperatingExpense": "0", "interestExpense": "5931000", "taxProvision": "None", "interestIncome": "None", "netInterestIncome": "None", "extraordinaryItems": "0", "nonRecurring": "723000", "otherItems": "0", "incomeTaxExpense": "4841000", "totalOtherIncomeExpense": "-21998000", "discontinuedOperations": "0", "netIncomeFromContinuingOperations": "15986000", "netIncomeApplicableToCommonShares": "15796000", "preferredStockAndOtherAdjustments": "None"}, {"fiscalDateEnding": "2016-09-30", "reportedCurrency": "USD", "totalRevenue": "191272000", "totalOperatingExpense": "47600000", "costOfRevenue": "118852000", "grossProfit": "72420000", "ebit": "24578000", "netIncome": "13069000", "researchAndDevelopment": "9232000", "effectOfAccountingCharges": "0", "incomeBeforeTax": "20897000", "minorityInterest": "340000", "sellingGeneralAdministrative": "38042000", "otherNonOperatingIncome": "-242000", "operatingIncome": "24820000", "otherOperatingExpense": "0", "interestExpense": "3681000", "taxProvision": "None", "interestIncome": "None", "netInterestIncome": "None", "extraordinaryItems": "0", "nonRecurring": "326000", "otherItems": "0", "incomeTaxExpense": "7488000", "totalOtherIncomeExpense": "0", "discontinuedOperations": "0", "netIncomeFromContinuingOperations": "13409000", "netIncomeApplicableToCommonShares": "13069000", "preferredStockAndOtherAdjustments": "None"}, {"fiscalDateEnding": "2016-06-30", "reportedCurrency": "USD", "totalRevenue": "203190000", "totalOperatingExpense": "60458000", "costOfRevenue": "124875000", "grossProfit": "78315000", "ebit": "19874000", "netIncome": "10367000", "researchAndDevelopment": "10276000", "effectOfAccountingCharges": "0", "incomeBeforeTax": "16183000", "minorityInterest": "-266000", "sellingGeneralAdministrative": "43534000", "otherNonOperatingIncome": "2017000", "operatingIncome": "17857000", "otherOperatingExpense": "0", "interestExpense": "3691000", "taxProvision": "None", "interestIncome": "None", "netInterestIncome": "None", "extraordinaryItems": "0", "nonRecurring": "6648000", "otherItems": "0", "incomeTaxExpense": "6082000", "totalOtherIncomeExpense": "0", "discontinuedOperations": "0", "netIncomeFromContinuingOperations": "10101000", "netIncomeApplicableToCommonShares": "10367000", "preferredStockAndOtherAdjustments": "None"}, {"fiscalDateEnding": "2016-03-31", "reportedCurrency": "USD", "totalRevenue": "172331000", "totalOperatingExpense": "50232000", "costOfRevenue": "99830000", "grossProfit": "72501000", "ebit": "22597000", "netIncome": "13501000", "researchAndDevelopment": "10132000", "effectOfAccountingCharges": "0", "incomeBeforeTax": "20359000", "minorityInterest": "-185000", "sellingGeneralAdministrative": "39421000", "otherNonOperatingIncome": "328000", "operatingIncome": "22269000", "otherOperatingExpense": "0", "interestExpense": "2238000", "taxProvision": "None", "interestIncome": "None", "netInterestIncome": "None", "extraordinaryItems": "0", "nonRecurring": "679000", "otherItems": "0", "incomeTaxExpense": "7043000", "totalOtherIncomeExpense": "0", "discontinuedOperations": "0", "netIncomeFromContinuingOperations": "13316000", "netIncomeApplicableToCommonShares": "13501000", "preferredStockAndOtherAdjustments": "None"}, {"fiscalDateEnding": "2015-12-31", "reportedCurrency": "USD", "totalRevenue": "177466000", "totalOperatingExpense": "56801000", "costOfRevenue": "105800000", "grossProfit": "71666000", "ebit": "15073000", "netIncome": "37580000", "researchAndDevelopment": "11366000", "effectOfAccountingCharges": "0", "incomeBeforeTax": "11281000", "minorityInterest": "-114000", "sellingGeneralAdministrative": "35518000", "otherNonOperatingIncome": "208000", "operatingIncome": "14865000", "otherOperatingExpense": "0", "interestExpense": "3792000", "taxProvision": "None", "interestIncome": "None", "netInterestIncome": "None", "extraordinaryItems": "0", "nonRecurring": "9917000", "otherItems": "0", "incomeTaxExpense": "-26185000", "totalOtherIncomeExpense": "-36263000", "discontinuedOperations": "0", "netIncomeFromContinuingOperations": "37466000", "netIncomeApplicableToCommonShares": "37580000", "preferredStockAndOtherAdjustments": "None"}, {"fiscalDateEnding": "2015-09-30", "reportedCurrency": "USD", "totalRevenue": "178789000", "totalOperatingExpense": "49901000", "costOfRevenue": "103045000", "grossProfit": "75744000", "ebit": "24594000", "netIncome": "9658000", "researchAndDevelopment": "10675000", "effectOfAccountingCharges": "0", "incomeBeforeTax": "21923000", "minorityInterest": "22000", "sellingGeneralAdministrative": "35509000", "otherNonOperatingIncome": "-1249000", "operatingIncome": "25843000", "otherOperatingExpense": "0", "interestExpense": "2671000", "taxProvision": "None", "interestIncome": "None", "netInterestIncome": "None", "extraordinaryItems": "0", "nonRecurring": "3717000", "otherItems": "0", "incomeTaxExpense": "12243000", "totalOtherIncomeExpense": "0", "discontinuedOperations": "0", "netIncomeFromContinuingOperations": "9680000", "netIncomeApplicableToCommonShares": "9658000", "preferredStockAndOtherAdjustments": "None"}, {"fiscalDateEnding": "2015-06-30", "reportedCurrency": "USD", "totalRevenue": "172289000", "totalOperatingExpense": "51554000", "costOfRevenue": "117697000", "grossProfit": "54592000", "ebit": "218000", "netIncome": "-2172000", "researchAndDevelopment": "10411000", "effectOfAccountingCharges": "0", "incomeBeforeTax": "-2484000", "minorityInterest": "52000", "sellingGeneralAdministrative": "39932000", "otherNonOperatingIncome": "-2820000", "operatingIncome": "3038000", "otherOperatingExpense": "0", "interestExpense": "2702000", "taxProvision": "None", "interestIncome": "None", "netInterestIncome": "None", "extraordinaryItems": "0", "nonRecurring": "1211000", "otherItems": "0", "incomeTaxExpense": "-364000", "totalOtherIncomeExpense": "0", "discontinuedOperations": "0", "netIncomeFromContinuingOperations": "-2120000", "netIncomeApplicableToCommonShares": "-2172000", "preferredStockAndOtherAdjustments": "None"}]}