{"symbol": "AINC", "annualReports": [{"fiscalDateEnding": "2019-12-31", "reportedCurrency": "USD", "totalRevenue": "291250000", "totalOperatingExpense": "214390000", "costOfRevenue": "88090000", "grossProfit": "203160000", "ebit": "-11775000", "netIncome": "-13855000", "researchAndDevelopment": "None", "effectOfAccountingCharges": "None", "incomeBeforeTax": "-13834000", "minorityInterest": "-983000", "sellingGeneralAdministrative": "105205000", "otherNonOperatingIncome": "-545000", "operatingIncome": "-11230000", "otherOperatingExpense": "109185000", "interestExpense": "2059000", "taxProvision": "1540000", "interestIncome": "46000", "netInterestIncome": "-2321000", "extraordinaryItems": "None", "nonRecurring": "None", "otherItems": "None", "incomeTaxExpense": "1004000", "totalOtherIncomeExpense": "-283000", "discontinuedOperations": "None", "netIncomeFromContinuingOperations": "-14838000", "netIncomeApplicableToCommonShares": "-30218000", "preferredStockAndOtherAdjustments": "14435000"}, {"fiscalDateEnding": "2018-12-31", "reportedCurrency": "USD", "totalRevenue": "195520000", "totalOperatingExpense": "128512000", "costOfRevenue": "67847000", "grossProfit": "127673000", "ebit": "-1585000", "netIncome": "10182000", "researchAndDevelopment": "0", "effectOfAccountingCharges": "None", "incomeBeforeTax": "-2544000", "minorityInterest": "-2362000", "sellingGeneralAdministrative": "117251000", "otherNonOperatingIncome": "-746000", "operatingIncome": "-839000", "otherOperatingExpense": "9342000", "interestExpense": "959000", "taxProvision": "-10364000", "interestIncome": "329000", "netInterestIncome": "-871000", "extraordinaryItems": "None", "nonRecurring": "1919000", "otherItems": "None", "incomeTaxExpense": "-10364000", "totalOtherIncomeExpense": "-2753000", "discontinuedOperations": "None", "netIncomeFromContinuingOperations": "7820000", "netIncomeApplicableToCommonShares": "4986000", "preferredStockAndOtherAdjustments": "-4466000"}, {"fiscalDateEnding": "2017-12-31", "reportedCurrency": "USD", "totalRevenue": "81372000", "totalOperatingExpense": "84338000", "costOfRevenue": "7757000", "grossProfit": "73615000", "ebit": "-10187000", "netIncome": "-18352000", "researchAndDevelopment": "0", "effectOfAccountingCharges": "None", "incomeBeforeTax": "-10471000", "minorityInterest": "-1484000", "sellingGeneralAdministrative": "80739000", "otherNonOperatingIncome": "335000", "operatingIncome": "-10522000", "otherOperatingExpense": "2527000", "interestExpense": "83000", "taxProvision": "9723000", "interestIncome": "244000", "netInterestIncome": "122000", "extraordinaryItems": "-303000", "nonRecurring": "1072000", "otherItems": "None", "incomeTaxExpense": "9365000", "totalOtherIncomeExpense": "-1143000", "discontinuedOperations": "None", "netIncomeFromContinuingOperations": "-19836000", "netIncomeApplicableToCommonShares": "-18352000", "preferredStockAndOtherAdjustments": "None"}, {"fiscalDateEnding": "2016-12-31", "reportedCurrency": "USD", "totalRevenue": "57664000", "totalOperatingExpense": "70226000", "costOfRevenue": "52436000", "grossProfit": "57664000", "ebit": "-58000", "netIncome": "-2396000", "researchAndDevelopment": "0", "effectOfAccountingCharges": "None", "incomeBeforeTax": "-11623000", "minorityInterest": "-10007000", "sellingGeneralAdministrative": "68890000", "otherNonOperatingIncome": "2399000", "operatingIncome": "-2457000", "otherOperatingExpense": "1336000", "interestExpense": "-122000", "taxProvision": "780000", "interestIncome": "73000", "netInterestIncome": "73000", "extraordinaryItems": "None", "nonRecurring": "1072000", "otherItems": "None", "incomeTaxExpense": "780000", "totalOtherIncomeExpense": "-9239000", "discontinuedOperations": "None", "netIncomeFromContinuingOperations": "-12403000", "netIncomeApplicableToCommonShares": "-2396000", "preferredStockAndOtherAdjustments": "None"}, {"fiscalDateEnding": "2015-12-31", "reportedCurrency": "USD", "totalRevenue": "54788000", "totalOperatingExpense": "60487000", "costOfRevenue": "41442000", "grossProfit": "54788000", "ebit": "-5630000", "netIncome": "-1190000", "researchAndDevelopment": "0", "effectOfAccountingCharges": "None", "incomeBeforeTax": "-9978000", "minorityInterest": "10852000", "sellingGeneralAdministrative": "59688000", "otherNonOperatingIncome": "-4279000", "operatingIncome": "-1351000", "otherOperatingExpense": "799000", "interestExpense": "-122000", "taxProvision": "2066000", "interestIncome": "-3362000", "netInterestIncome": "None", "extraordinaryItems": "None", "nonRecurring": "1072000", "otherItems": "None", "incomeTaxExpense": "2066000", "totalOtherIncomeExpense": "-8627000", "discontinuedOperations": "None", "netIncomeFromContinuingOperations": "-12044000", "netIncomeApplicableToCommonShares": "-1190000", "preferredStockAndOtherAdjustments": "None"}], "quarterlyReports": [{"fiscalDateEnding": "2020-06-30", "reportedCurrency": "USD", "totalRevenue": "45587000", "totalOperatingExpense": "53543000", "costOfRevenue": "3194000", "grossProfit": "42393000", "ebit": "-11145000", "netIncome": "-7996000", "researchAndDevelopment": "None", "effectOfAccountingCharges": "None", "incomeBeforeTax": "-12402000", "minorityInterest": "-922000", "sellingGeneralAdministrative": "19379000", "otherNonOperatingIncome": "-6000", "operatingIncome": "-11139000", "otherOperatingExpense": "34164000", "interestExpense": "1246000", "taxProvision": "-3484000", "interestIncome": "1000", "netInterestIncome": "-1335000", "extraordinaryItems": "None", "nonRecurring": "None", "otherItems": "None", "incomeTaxExpense": "-3484000", "totalOtherIncomeExpense": "72000", "discontinuedOperations": "None", "netIncomeFromContinuingOperations": "-8918000", "netIncomeApplicableToCommonShares": "-16731000", "preferredStockAndOtherAdjustments": "None"}, {"fiscalDateEnding": "2020-03-31", "reportedCurrency": "USD", "totalRevenue": "133467000", "totalOperatingExpense": "290412000", "costOfRevenue": "21881000", "grossProfit": "111586000", "ebit": "-178774000", "netIncome": "-177640000", "researchAndDevelopment": "None", "effectOfAccountingCharges": "None", "incomeBeforeTax": "-180325000", "minorityInterest": "-440000", "sellingGeneralAdministrative": "26719000", "otherNonOperatingIncome": "-323000", "operatingIncome": "-178451000", "otherOperatingExpense": "85480000", "interestExpense": "1176000", "taxProvision": "-2085000", "interestIncome": "28000", "netInterestIncome": "-1214000", "extraordinaryItems": "None", "nonRecurring": "178213000", "otherItems": "None", "incomeTaxExpense": "-2245000", "totalOtherIncomeExpense": "-178873000", "discontinuedOperations": "None", "netIncomeFromContinuingOperations": "-178080000", "netIncomeApplicableToCommonShares": "-186325000", "preferredStockAndOtherAdjustments": "None"}, {"fiscalDateEnding": "2019-12-31", "reportedCurrency": "USD", "totalRevenue": "107575000", "totalOperatingExpense": "96953000", "costOfRevenue": "18536000", "grossProfit": "89039000", "ebit": "-8050000", "netIncome": "-8521000", "researchAndDevelopment": "None", "effectOfAccountingCharges": "None", "incomeBeforeTax": "-8911000", "minorityInterest": "35000", "sellingGeneralAdministrative": "5603000", "otherNonOperatingIncome": "-136000", "operatingIncome": "-7914000", "otherOperatingExpense": "91350000", "interestExpense": "861000", "taxProvision": "111000", "interestIncome": "17000", "netInterestIncome": "-938000", "extraordinaryItems": "None", "nonRecurring": "None", "otherItems": "None", "incomeTaxExpense": "-425000", "totalOtherIncomeExpense": "-59000", "discontinuedOperations": "None", "netIncomeFromContinuingOperations": "-8486000", "netIncomeApplicableToCommonShares": "-15055000", "preferredStockAndOtherAdjustments": "5944000"}, {"fiscalDateEnding": "2019-09-30", "reportedCurrency": "USD", "totalRevenue": "56889000", "totalOperatingExpense": "43292000", "costOfRevenue": "20398000", "grossProfit": "36491000", "ebit": "-6432000", "netIncome": "-6156000", "researchAndDevelopment": "None", "effectOfAccountingCharges": "None", "incomeBeforeTax": "-6888000", "minorityInterest": "-435000", "sellingGeneralAdministrative": "34918000", "otherNonOperatingIncome": "369000", "operatingIncome": "-6801000", "otherOperatingExpense": "8374000", "interestExpense": "456000", "taxProvision": "-297000", "interestIncome": "0", "netInterestIncome": "-531000", "extraordinaryItems": "None", "nonRecurring": "None", "otherItems": "None", "incomeTaxExpense": "-297000", "totalOtherIncomeExpense": "444000", "discontinuedOperations": "None", "netIncomeFromContinuingOperations": "-6591000", "netIncomeApplicableToCommonShares": "-9428000", "preferredStockAndOtherAdjustments": "2909000"}, {"fiscalDateEnding": "2019-06-30", "reportedCurrency": "USD", "totalRevenue": "63466000", "totalOperatingExpense": "37597000", "costOfRevenue": "24926000", "grossProfit": "38540000", "ebit": "542000", "netIncome": "112000", "researchAndDevelopment": "None", "effectOfAccountingCharges": "None", "incomeBeforeTax": "97000", "minorityInterest": "-441000", "sellingGeneralAdministrative": "32663000", "otherNonOperatingIncome": "-401000", "operatingIncome": "943000", "otherOperatingExpense": "4934000", "interestExpense": "445000", "taxProvision": "426000", "interestIncome": "9000", "netInterestIncome": "-506000", "extraordinaryItems": "None", "nonRecurring": "None", "otherItems": "None", "incomeTaxExpense": "426000", "totalOtherIncomeExpense": "-340000", "discontinuedOperations": "None", "netIncomeFromContinuingOperations": "-329000", "netIncomeApplicableToCommonShares": "-3163000", "preferredStockAndOtherAdjustments": "2791000"}, {"fiscalDateEnding": "2019-03-31", "reportedCurrency": "USD", "totalRevenue": "63320000", "totalOperatingExpense": "36548000", "costOfRevenue": "24230000", "grossProfit": "39090000", "ebit": "2165000", "netIncome": "710000", "researchAndDevelopment": "None", "effectOfAccountingCharges": "None", "incomeBeforeTax": "1868000", "minorityInterest": "-142000", "sellingGeneralAdministrative": "32021000", "otherNonOperatingIncome": "-377000", "operatingIncome": "2542000", "otherOperatingExpense": "4527000", "interestExpense": "297000", "taxProvision": "1300000", "interestIncome": "-621000", "netInterestIncome": "-346000", "extraordinaryItems": "None", "nonRecurring": "None", "otherItems": "None", "incomeTaxExpense": "1300000", "totalOtherIncomeExpense": "-328000", "discontinuedOperations": "None", "netIncomeFromContinuingOperations": "568000", "netIncomeApplicableToCommonShares": "-2572000", "preferredStockAndOtherAdjustments": "2791000"}, {"fiscalDateEnding": "2018-12-31", "reportedCurrency": "USD", "totalRevenue": "50976000", "totalOperatingExpense": "27487000", "costOfRevenue": "18658000", "grossProfit": "32318000", "ebit": "4312000", "netIncome": "3558000", "researchAndDevelopment": "0", "effectOfAccountingCharges": "0", "incomeBeforeTax": "3946000", "minorityInterest": "-841000", "sellingGeneralAdministrative": "23350000", "otherNonOperatingIncome": "-519000", "operatingIncome": "4831000", "otherOperatingExpense": "4137000", "interestExpense": "366000", "taxProvision": "1229000", "interestIncome": "None", "netInterestIncome": "None", "extraordinaryItems": "0", "nonRecurring": "0", "otherItems": "0", "incomeTaxExpense": "1229000", "totalOtherIncomeExpense": "-2085000", "discontinuedOperations": "0", "netIncomeFromContinuingOperations": "2717000", "netIncomeApplicableToCommonShares": "340000", "preferredStockAndOtherAdjustments": "-6141000"}, {"fiscalDateEnding": "2018-09-30", "reportedCurrency": "USD", "totalRevenue": "41565000", "totalOperatingExpense": "37488000", "costOfRevenue": "15581000", "grossProfit": "25984000", "ebit": "-11609000", "netIncome": "3387000", "researchAndDevelopment": "0", "effectOfAccountingCharges": "0", "incomeBeforeTax": "-11898000", "minorityInterest": "-1381000", "sellingGeneralAdministrative": "34516000", "otherNonOperatingIncome": "-105000", "operatingIncome": "-11504000", "otherOperatingExpense": "2972000", "interestExpense": "289000", "taxProvision": "None", "interestIncome": "None", "netInterestIncome": "None", "extraordinaryItems": "0", "nonRecurring": "0", "otherItems": "0", "incomeTaxExpense": "-13904000", "totalOtherIncomeExpense": "-173000", "discontinuedOperations": "0", "netIncomeFromContinuingOperations": "2006000", "netIncomeApplicableToCommonShares": "1409000", "preferredStockAndOtherAdjustments": "1675000"}, {"fiscalDateEnding": "2018-06-30", "reportedCurrency": "USD", "totalRevenue": "54811000", "totalOperatingExpense": "26920000", "costOfRevenue": "17021000", "grossProfit": "37790000", "ebit": "10698000", "netIncome": "8960000", "researchAndDevelopment": "0", "effectOfAccountingCharges": "0", "incomeBeforeTax": "10537000", "minorityInterest": "-28000", "sellingGeneralAdministrative": "25727000", "otherNonOperatingIncome": "-172000", "operatingIncome": "10870000", "otherOperatingExpense": "1193000", "interestExpense": "161000", "taxProvision": "None", "interestIncome": "None", "netInterestIncome": "None", "extraordinaryItems": "0", "nonRecurring": "-1919000", "otherItems": "0", "incomeTaxExpense": "1605000", "totalOtherIncomeExpense": "-333000", "discontinuedOperations": "0", "netIncomeFromContinuingOperations": "8932000", "netIncomeApplicableToCommonShares": "8960000", "preferredStockAndOtherAdjustments": "None"}, {"fiscalDateEnding": "2018-03-31", "reportedCurrency": "USD", "totalRevenue": "48168000", "totalOperatingExpense": "36617000", "costOfRevenue": "16587000", "grossProfit": "31581000", "ebit": "-4986000", "netIncome": "-5723000", "researchAndDevelopment": "0", "effectOfAccountingCharges": "0", "incomeBeforeTax": "-5129000", "minorityInterest": "-112000", "sellingGeneralAdministrative": "33658000", "otherNonOperatingIncome": "50000", "operatingIncome": "-5036000", "otherOperatingExpense": "1040000", "interestExpense": "143000", "taxProvision": "None", "interestIncome": "None", "netInterestIncome": "None", "extraordinaryItems": "0", "nonRecurring": "1919000", "otherItems": "0", "incomeTaxExpense": "706000", "totalOtherIncomeExpense": "-12725000", "discontinuedOperations": "0", "netIncomeFromContinuingOperations": "-5835000", "netIncomeApplicableToCommonShares": "-5723000", "preferredStockAndOtherAdjustments": "None"}, {"fiscalDateEnding": "2017-12-31", "reportedCurrency": "USD", "totalRevenue": "29666000", "totalOperatingExpense": "29347000", "costOfRevenue": "7757000", "grossProfit": "21909000", "ebit": "-7485000", "netIncome": "-7402000", "researchAndDevelopment": "0", "effectOfAccountingCharges": "0", "incomeBeforeTax": "-7507000", "minorityInterest": "-222000", "sellingGeneralAdministrative": "28482000", "otherNonOperatingIncome": "-21000", "operatingIncome": "-7464000", "otherOperatingExpense": "865000", "interestExpense": "48000", "taxProvision": "None", "interestIncome": "None", "netInterestIncome": "None", "extraordinaryItems": "0", "nonRecurring": "225000", "otherItems": "0", "incomeTaxExpense": "117000", "totalOtherIncomeExpense": "-2237000", "discontinuedOperations": "0", "netIncomeFromContinuingOperations": "-7624000", "netIncomeApplicableToCommonShares": "-7402000", "preferredStockAndOtherAdjustments": "None"}, {"fiscalDateEnding": "2017-09-30", "reportedCurrency": "USD", "totalRevenue": "19255000", "totalOperatingExpense": "21600000", "costOfRevenue": "17117000", "grossProfit": "19255000", "ebit": "-2258000", "netIncome": "-1856000", "researchAndDevelopment": "0", "effectOfAccountingCharges": "0", "incomeBeforeTax": "-2283000", "minorityInterest": "-402000", "sellingGeneralAdministrative": "21014000", "otherNonOperatingIncome": "82000", "operatingIncome": "-2340000", "otherOperatingExpense": "586000", "interestExpense": "20000", "taxProvision": "None", "interestIncome": "None", "netInterestIncome": "None", "extraordinaryItems": "0", "nonRecurring": "1919000", "otherItems": "0", "incomeTaxExpense": "-25000", "totalOtherIncomeExpense": "0", "discontinuedOperations": "0", "netIncomeFromContinuingOperations": "-2258000", "netIncomeApplicableToCommonShares": "-1856000", "preferredStockAndOtherAdjustments": "None"}, {"fiscalDateEnding": "2017-06-30", "reportedCurrency": "USD", "totalRevenue": "19545000", "totalOperatingExpense": "18234000", "costOfRevenue": "11615000", "grossProfit": "19545000", "ebit": "1534000", "netIncome": "-6709000", "researchAndDevelopment": "0", "effectOfAccountingCharges": "0", "incomeBeforeTax": "1412000", "minorityInterest": "-522000", "sellingGeneralAdministrative": "16562000", "otherNonOperatingIncome": "116000", "operatingIncome": "1418000", "otherOperatingExpense": "600000", "interestExpense": "15000", "taxProvision": "None", "interestIncome": "None", "netInterestIncome": "None", "extraordinaryItems": "0", "nonRecurring": "1072000", "otherItems": "0", "incomeTaxExpense": "8643000", "totalOtherIncomeExpense": "0", "discontinuedOperations": "0", "netIncomeFromContinuingOperations": "-7231000", "netIncomeApplicableToCommonShares": "-6709000", "preferredStockAndOtherAdjustments": "None"}, {"fiscalDateEnding": "2017-03-31", "reportedCurrency": "USD", "totalRevenue": "12906000", "totalOperatingExpense": "15157000", "costOfRevenue": "11032000", "grossProfit": "12906000", "ebit": "-1978000", "netIncome": "-2385000", "researchAndDevelopment": "0", "effectOfAccountingCharges": "0", "incomeBeforeTax": "-2093000", "minorityInterest": "-338000", "sellingGeneralAdministrative": "14681000", "otherNonOperatingIncome": "158000", "operatingIncome": "-2136000", "otherOperatingExpense": "476000", "interestExpense": "0", "taxProvision": "None", "interestIncome": "None", "netInterestIncome": "None", "extraordinaryItems": "0", "nonRecurring": "1072000", "otherItems": "0", "incomeTaxExpense": "630000", "totalOtherIncomeExpense": "0", "discontinuedOperations": "0", "netIncomeFromContinuingOperations": "-2723000", "netIncomeApplicableToCommonShares": "-2385000", "preferredStockAndOtherAdjustments": "None"}, {"fiscalDateEnding": "2016-12-31", "reportedCurrency": "USD", "totalRevenue": "16557000", "totalOperatingExpense": "19144000", "costOfRevenue": "14280000", "grossProfit": "16557000", "ebit": "1555000", "netIncome": "727000", "researchAndDevelopment": "0", "effectOfAccountingCharges": "0", "incomeBeforeTax": "-1414000", "minorityInterest": "-2361000", "sellingGeneralAdministrative": "18618000", "otherNonOperatingIncome": "1173000", "operatingIncome": "382000", "otherOperatingExpense": "526000", "interestExpense": "-122000", "taxProvision": "None", "interestIncome": "None", "netInterestIncome": "None", "extraordinaryItems": "0", "nonRecurring": "1072000", "otherItems": "0", "incomeTaxExpense": "220000", "totalOtherIncomeExpense": "-9166000", "discontinuedOperations": "0", "netIncomeFromContinuingOperations": "-1634000", "netIncomeApplicableToCommonShares": "727000", "preferredStockAndOtherAdjustments": "None"}, {"fiscalDateEnding": "2016-09-30", "reportedCurrency": "USD", "totalRevenue": "15843000", "totalOperatingExpense": "16668000", "costOfRevenue": "12964000", "grossProfit": "15843000", "ebit": "173000", "netIncome": "-285000", "researchAndDevelopment": "0", "effectOfAccountingCharges": "0", "incomeBeforeTax": "-517000", "minorityInterest": "-807000", "sellingGeneralAdministrative": "16402000", "otherNonOperatingIncome": "308000", "operatingIncome": "-135000", "otherOperatingExpense": "266000", "interestExpense": "0", "taxProvision": "None", "interestIncome": "None", "netInterestIncome": "None", "extraordinaryItems": "0", "nonRecurring": "0", "otherItems": "0", "incomeTaxExpense": "575000", "totalOtherIncomeExpense": "0", "discontinuedOperations": "0", "netIncomeFromContinuingOperations": "-1092000", "netIncomeApplicableToCommonShares": "-285000", "preferredStockAndOtherAdjustments": "None"}, {"fiscalDateEnding": "2016-06-30", "reportedCurrency": "USD", "totalRevenue": "18152000", "totalOperatingExpense": "20365000", "costOfRevenue": "15984000", "grossProfit": "18655000", "ebit": "-2416000", "netIncome": "-1106000", "researchAndDevelopment": "0", "effectOfAccountingCharges": "0", "incomeBeforeTax": "-1934000", "minorityInterest": "-173000", "sellingGeneralAdministrative": "20093000", "otherNonOperatingIncome": "-224000", "operatingIncome": "-2192000", "otherOperatingExpense": "272000", "interestExpense": "0", "taxProvision": "None", "interestIncome": "None", "netInterestIncome": "None", "extraordinaryItems": "0", "nonRecurring": "0", "otherItems": "0", "incomeTaxExpense": "-655000", "totalOtherIncomeExpense": "0", "discontinuedOperations": "0", "netIncomeFromContinuingOperations": "-1279000", "netIncomeApplicableToCommonShares": "-1106000", "preferredStockAndOtherAdjustments": "None"}, {"fiscalDateEnding": "2016-03-31", "reportedCurrency": "USD", "totalRevenue": "6609000", "totalOperatingExpense": "14049000", "costOfRevenue": "9208000", "grossProfit": "6609000", "ebit": "630000", "netIncome": "-1732000", "researchAndDevelopment": "0", "effectOfAccountingCharges": "0", "incomeBeforeTax": "-7758000", "minorityInterest": "-6666000", "sellingGeneralAdministrative": "13777000", "otherNonOperatingIncome": "1142000", "operatingIncome": "-512000", "otherOperatingExpense": "272000", "interestExpense": "0", "taxProvision": "None", "interestIncome": "None", "netInterestIncome": "None", "extraordinaryItems": "0", "nonRecurring": "0", "otherItems": "0", "incomeTaxExpense": "640000", "totalOtherIncomeExpense": "0", "discontinuedOperations": "0", "netIncomeFromContinuingOperations": "-8398000", "netIncomeApplicableToCommonShares": "-1732000", "preferredStockAndOtherAdjustments": "None"}, {"fiscalDateEnding": "2015-12-31", "reportedCurrency": "USD", "totalRevenue": "16878000", "totalOperatingExpense": "60137000", "costOfRevenue": "11537000", "grossProfit": "17344000", "ebit": "-1351000", "netIncome": "2676000", "researchAndDevelopment": "0", "effectOfAccountingCharges": "0", "incomeBeforeTax": "5721000", "minorityInterest": "2479000", "sellingGeneralAdministrative": "2912000", "otherNonOperatingIncome": "None", "operatingIncome": "2146000", "otherOperatingExpense": "-195000", "interestExpense": "-122000", "taxProvision": "None", "interestIncome": "None", "netInterestIncome": "None", "extraordinaryItems": "0", "nonRecurring": "1072000", "otherItems": "0", "incomeTaxExpense": "566000", "totalOtherIncomeExpense": "-8627000", "discontinuedOperations": "0", "netIncomeFromContinuingOperations": "-12044000", "netIncomeApplicableToCommonShares": "2676000", "preferredStockAndOtherAdjustments": "None"}, {"fiscalDateEnding": "2015-09-30", "reportedCurrency": "USD", "totalRevenue": "14891000", "totalOperatingExpense": "13344000", "costOfRevenue": "6724000", "grossProfit": "14891000", "ebit": "-8388000", "netIncome": "54000", "researchAndDevelopment": "0", "effectOfAccountingCharges": "0", "incomeBeforeTax": "-8118000", "minorityInterest": "-9208000", "sellingGeneralAdministrative": "13356000", "otherNonOperatingIncome": "-9665000", "operatingIncome": "1277000", "otherOperatingExpense": "-12000", "interestExpense": "0", "taxProvision": "None", "interestIncome": "None", "netInterestIncome": "None", "extraordinaryItems": "0", "nonRecurring": "0", "otherItems": "0", "incomeTaxExpense": "1036000", "totalOtherIncomeExpense": "0", "discontinuedOperations": "0", "netIncomeFromContinuingOperations": "-9154000", "netIncomeApplicableToCommonShares": "54000", "preferredStockAndOtherAdjustments": "None"}, {"fiscalDateEnding": "2015-06-30", "reportedCurrency": "USD", "totalRevenue": "15692000", "totalOperatingExpense": "10639000", "costOfRevenue": "5688000", "grossProfit": "15692000", "ebit": "-192000", "netIncome": "3914000", "researchAndDevelopment": "0", "effectOfAccountingCharges": "0", "incomeBeforeTax": "1001000", "minorityInterest": "-3154000", "sellingGeneralAdministrative": "10240000", "otherNonOperatingIncome": "-4052000", "operatingIncome": "3860000", "otherOperatingExpense": "399000", "interestExpense": "0", "taxProvision": "None", "interestIncome": "None", "netInterestIncome": "None", "extraordinaryItems": "0", "nonRecurring": "0", "otherItems": "0", "incomeTaxExpense": "233000", "totalOtherIncomeExpense": "0", "discontinuedOperations": "0", "netIncomeFromContinuingOperations": "768000", "netIncomeApplicableToCommonShares": "3914000", "preferredStockAndOtherAdjustments": "None"}]}