{"symbol": "AIR", "annualReports": [{"fiscalDateEnding": "2020-05-31", "reportedCurrency": "USD", "totalRevenue": "2072000000", "totalOperatingExpense": "226000000", "costOfRevenue": "1802800000", "grossProfit": "-1802800000", "ebit": "-2032300000", "netIncome": "4400000", "researchAndDevelopment": "None", "effectOfAccountingCharges": "None", "incomeBeforeTax": "-2041600000", "minorityInterest": "None", "sellingGeneralAdministrative": "220600000", "otherNonOperatingIncome": "-3500000", "operatingIncome": "-2028800000", "otherOperatingExpense": "None", "interestExpense": "9300000", "taxProvision": "5600000", "interestIncome": "500000", "netInterestIncome": "-8800000", "extraordinaryItems": "None", "nonRecurring": "5400000", "otherItems": "None", "incomeTaxExpense": "5600000", "totalOtherIncomeExpense": "-4000000", "discontinuedOperations": "-20400000", "netIncomeFromContinuingOperations": "-2047200000", "netIncomeApplicableToCommonShares": "4400000", "preferredStockAndOtherAdjustments": "None"}, {"fiscalDateEnding": "2019-05-31", "reportedCurrency": "USD", "totalRevenue": "2051800000", "totalOperatingExpense": "1953500000", "costOfRevenue": "1722300000", "grossProfit": "329500000", "ebit": "141300000", "netIncome": "7500000", "researchAndDevelopment": "None", "effectOfAccountingCharges": "None", "incomeBeforeTax": "89000000", "minorityInterest": "None", "sellingGeneralAdministrative": "215400000", "otherNonOperatingIncome": "1000000", "operatingIncome": "98300000", "otherOperatingExpense": "None", "interestExpense": "9500000", "taxProvision": "4900000", "interestIncome": "1000000", "netInterestIncome": "-8500000", "extraordinaryItems": "-71500000", "nonRecurring": "15800000", "otherItems": "None", "incomeTaxExpense": "4900000", "totalOtherIncomeExpense": "-800000", "discontinuedOperations": "-76600000", "netIncomeFromContinuingOperations": "84100000", "netIncomeApplicableToCommonShares": "7100000", "preferredStockAndOtherAdjustments": "None"}, {"fiscalDateEnding": "2018-05-31", "reportedCurrency": "USD", "totalRevenue": "1748300000", "totalOperatingExpense": "1662300000", "costOfRevenue": "1453700000", "grossProfit": "294600000", "ebit": "125700000", "netIncome": "15600000", "researchAndDevelopment": "0", "effectOfAccountingCharges": "None", "incomeBeforeTax": "77200000", "minorityInterest": "None", "sellingGeneralAdministrative": "208600000", "otherNonOperatingIncome": "100000", "operatingIncome": "86000000", "otherOperatingExpense": "None", "interestExpense": "8000000", "taxProvision": "3500000", "interestIncome": "100000", "netInterestIncome": "-7900000", "extraordinaryItems": "-44000000", "nonRecurring": "None", "otherItems": "None", "incomeTaxExpense": "3500000", "totalOtherIncomeExpense": "-900000", "discontinuedOperations": "-58100000", "netIncomeFromContinuingOperations": "73700000", "netIncomeApplicableToCommonShares": "15000000", "preferredStockAndOtherAdjustments": "None"}, {"fiscalDateEnding": "2017-05-31", "reportedCurrency": "USD", "totalRevenue": "1767600000", "totalOperatingExpense": "1687800000", "costOfRevenue": "1491100000", "grossProfit": "276500000", "ebit": "150800000", "netIncome": "56500000", "researchAndDevelopment": "0", "effectOfAccountingCharges": "None", "incomeBeforeTax": "74300000", "minorityInterest": "None", "sellingGeneralAdministrative": "196700000", "otherNonOperatingIncome": "None", "operatingIncome": "79800000", "otherOperatingExpense": "None", "interestExpense": "5500000", "taxProvision": "24100000", "interestIncome": "200000", "netInterestIncome": "-5300000", "extraordinaryItems": "4500000", "nonRecurring": "None", "otherItems": "None", "incomeTaxExpense": "25100000", "totalOtherIncomeExpense": "200000", "discontinuedOperations": "4500000", "netIncomeFromContinuingOperations": "50200000", "netIncomeApplicableToCommonShares": "56000000", "preferredStockAndOtherAdjustments": "None"}, {"fiscalDateEnding": "2016-05-31", "reportedCurrency": "USD", "totalRevenue": "1662600000", "totalOperatingExpense": "170800000", "costOfRevenue": "1425700000", "grossProfit": "236900000", "ebit": "66000000", "netIncome": "47700000", "researchAndDevelopment": "0", "effectOfAccountingCharges": "None", "incomeBeforeTax": "59600000", "minorityInterest": "None", "sellingGeneralAdministrative": "170800000", "otherNonOperatingIncome": "-100000", "operatingIncome": "66100000", "otherOperatingExpense": "None", "interestExpense": "6400000", "taxProvision": "23400000", "interestIncome": "-6200000", "netInterestIncome": "-6100000", "extraordinaryItems": "2200000", "nonRecurring": "None", "otherItems": "None", "incomeTaxExpense": "18800000", "totalOtherIncomeExpense": "-700000", "discontinuedOperations": "7200000", "netIncomeFromContinuingOperations": "40800000", "netIncomeApplicableToCommonShares": "47700000", "preferredStockAndOtherAdjustments": "None"}], "quarterlyReports": [{"fiscalDateEnding": "2020-05-31", "reportedCurrency": "USD", "totalRevenue": "416500000", "totalOperatingExpense": "49400000", "costOfRevenue": "380100000", "grossProfit": "-380100000", "ebit": "-432700000", "netIncome": "-16500000", "researchAndDevelopment": "None", "effectOfAccountingCharges": "None", "incomeBeforeTax": "-435500000", "minorityInterest": "None", "sellingGeneralAdministrative": "47300000", "otherNonOperatingIncome": "-3200000", "operatingIncome": "-429500000", "otherOperatingExpense": "None", "interestExpense": "2800000", "taxProvision": "-4000000", "interestIncome": "200000", "netInterestIncome": "-2600000", "extraordinaryItems": "None", "nonRecurring": "2100000", "otherItems": "None", "incomeTaxExpense": "-4000000", "totalOtherIncomeExpense": "-3400000", "discontinuedOperations": "-1500000", "netIncomeFromContinuingOperations": "-431500000", "netIncomeApplicableToCommonShares": "-16500000", "preferredStockAndOtherAdjustments": "None"}, {"fiscalDateEnding": "2020-02-29", "reportedCurrency": "USD", "totalRevenue": "553100000", "totalOperatingExpense": "60000000", "costOfRevenue": "487800000", "grossProfit": "-487800000", "ebit": "-547900000", "netIncome": "2300000", "researchAndDevelopment": "None", "effectOfAccountingCharges": "None", "incomeBeforeTax": "-550300000", "minorityInterest": "None", "sellingGeneralAdministrative": "58100000", "otherNonOperatingIncome": "-100000", "operatingIncome": "-547800000", "otherOperatingExpense": "None", "interestExpense": "2400000", "taxProvision": "200000", "interestIncome": "100000", "netInterestIncome": "-2300000", "extraordinaryItems": "-300000", "nonRecurring": "1900000", "otherItems": "None", "incomeTaxExpense": "200000", "totalOtherIncomeExpense": "-200000", "discontinuedOperations": "-300000", "netIncomeFromContinuingOperations": "-550500000", "netIncomeApplicableToCommonShares": "2300000", "preferredStockAndOtherAdjustments": "None"}, {"fiscalDateEnding": "2019-11-30", "reportedCurrency": "USD", "totalRevenue": "560900000", "totalOperatingExpense": "532800000", "costOfRevenue": "475000000", "grossProfit": "85900000", "ebit": "39000000", "netIncome": "14200000", "researchAndDevelopment": "None", "effectOfAccountingCharges": "None", "incomeBeforeTax": "26100000", "minorityInterest": "None", "sellingGeneralAdministrative": "57100000", "otherNonOperatingIncome": "-100000", "operatingIncome": "28100000", "otherOperatingExpense": "None", "interestExpense": "1900000", "taxProvision": "6000000", "interestIncome": "100000", "netInterestIncome": "-1800000", "extraordinaryItems": "-5900000", "nonRecurring": "700000", "otherItems": "None", "incomeTaxExpense": "6000000", "totalOtherIncomeExpense": "-200000", "discontinuedOperations": "-5900000", "netIncomeFromContinuingOperations": "20100000", "netIncomeApplicableToCommonShares": "14100000", "preferredStockAndOtherAdjustments": "None"}, {"fiscalDateEnding": "2019-08-31", "reportedCurrency": "USD", "totalRevenue": "541500000", "totalOperatingExpense": "518700000", "costOfRevenue": "459900000", "grossProfit": "81600000", "ebit": "33500000", "netIncome": "4400000", "researchAndDevelopment": "None", "effectOfAccountingCharges": "None", "incomeBeforeTax": "20500000", "minorityInterest": "None", "sellingGeneralAdministrative": "58100000", "otherNonOperatingIncome": "-100000", "operatingIncome": "22800000", "otherOperatingExpense": "None", "interestExpense": "2200000", "taxProvision": "3400000", "interestIncome": "100000", "netInterestIncome": "-2100000", "extraordinaryItems": "-12700000", "nonRecurring": "700000", "otherItems": "None", "incomeTaxExpense": "3400000", "totalOtherIncomeExpense": "-200000", "discontinuedOperations": "-12700000", "netIncomeFromContinuingOperations": "17100000", "netIncomeApplicableToCommonShares": "4300000", "preferredStockAndOtherAdjustments": "None"}, {"fiscalDateEnding": "2019-05-31", "reportedCurrency": "USD", "totalRevenue": "562700000", "totalOperatingExpense": "533400000", "costOfRevenue": "468000000", "grossProfit": "94700000", "ebit": "40600000", "netIncome": "22800000", "researchAndDevelopment": "None", "effectOfAccountingCharges": "None", "incomeBeforeTax": "26800000", "minorityInterest": "None", "sellingGeneralAdministrative": "63300000", "otherNonOperatingIncome": "600000", "operatingIncome": "29300000", "otherOperatingExpense": "None", "interestExpense": "2300000", "taxProvision": "200000", "interestIncome": "200000", "netInterestIncome": "-2100000", "extraordinaryItems": "-6100000", "nonRecurring": "27500000", "otherItems": "None", "incomeTaxExpense": "200000", "totalOtherIncomeExpense": "-400000", "discontinuedOperations": "-3800000", "netIncomeFromContinuingOperations": "26600000", "netIncomeApplicableToCommonShares": "22800000", "preferredStockAndOtherAdjustments": "None"}, {"fiscalDateEnding": "2019-02-28", "reportedCurrency": "USD", "totalRevenue": "529500000", "totalOperatingExpense": "55500000", "costOfRevenue": "444200000", "grossProfit": "-444200000", "ebit": "-500100000", "netIncome": "-37400000", "researchAndDevelopment": "0", "effectOfAccountingCharges": "None", "incomeBeforeTax": "-502700000", "minorityInterest": "None", "sellingGeneralAdministrative": "54800000", "otherNonOperatingIncome": "-400000", "operatingIncome": "-499700000", "otherOperatingExpense": "None", "interestExpense": "2600000", "taxProvision": "-600000", "interestIncome": "200000", "netInterestIncome": "-2400000", "extraordinaryItems": "-60100000", "nonRecurring": "700000", "otherItems": "None", "incomeTaxExpense": "-600000", "totalOtherIncomeExpense": "-600000", "discontinuedOperations": "-64800000", "netIncomeFromContinuingOperations": "-502100000", "netIncomeApplicableToCommonShares": "-37400000", "preferredStockAndOtherAdjustments": "None"}, {"fiscalDateEnding": "2018-11-30", "reportedCurrency": "USD", "totalRevenue": "493300000", "totalOperatingExpense": "36700000", "costOfRevenue": "415000000", "grossProfit": "-415000000", "ebit": "-451800000", "netIncome": "7000000", "researchAndDevelopment": "0", "effectOfAccountingCharges": "None", "incomeBeforeTax": "-454300000", "minorityInterest": "None", "sellingGeneralAdministrative": "49100000", "otherNonOperatingIncome": "-100000", "operatingIncome": "-451700000", "otherOperatingExpense": "None", "interestExpense": "2500000", "taxProvision": "None", "interestIncome": "None", "netInterestIncome": "None", "extraordinaryItems": "None", "nonRecurring": "-12400000", "otherItems": "None", "incomeTaxExpense": "3000000", "totalOtherIncomeExpense": "-2900000", "discontinuedOperations": "-4200000", "netIncomeFromContinuingOperations": "-457300000", "netIncomeApplicableToCommonShares": "7000000", "preferredStockAndOtherAdjustments": "None"}, {"fiscalDateEnding": "2018-08-31", "reportedCurrency": "USD", "totalRevenue": "466300000", "totalOperatingExpense": "48800000", "costOfRevenue": "395100000", "grossProfit": "-395100000", "ebit": "-443000000", "netIncome": "15100000", "researchAndDevelopment": "0", "effectOfAccountingCharges": "None", "incomeBeforeTax": "-445100000", "minorityInterest": "None", "sellingGeneralAdministrative": "48800000", "otherNonOperatingIncome": "900000", "operatingIncome": "-443900000", "otherOperatingExpense": "None", "interestExpense": "2100000", "taxProvision": "None", "interestIncome": "None", "netInterestIncome": "None", "extraordinaryItems": "None", "nonRecurring": "None", "otherItems": "None", "incomeTaxExpense": "2300000", "totalOtherIncomeExpense": "-1500000", "discontinuedOperations": "-3800000", "netIncomeFromContinuingOperations": "-447400000", "netIncomeApplicableToCommonShares": "15100000", "preferredStockAndOtherAdjustments": "None"}, {"fiscalDateEnding": "2018-05-31", "reportedCurrency": "USD", "totalRevenue": "403100000", "totalOperatingExpense": "1200000", "costOfRevenue": "323100000", "grossProfit": "80000000", "ebit": "78800000", "netIncome": "12100000", "researchAndDevelopment": "0", "effectOfAccountingCharges": "0", "incomeBeforeTax": "76700000", "minorityInterest": "0", "sellingGeneralAdministrative": "55400000", "otherNonOperatingIncome": "None", "operatingIncome": "78800000", "otherOperatingExpense": "0", "interestExpense": "2100000", "taxProvision": "None", "interestIncome": "None", "netInterestIncome": "None", "extraordinaryItems": "0", "nonRecurring": "0", "otherItems": "0", "incomeTaxExpense": "22400000", "totalOtherIncomeExpense": "-1500000", "discontinuedOperations": "-42200000", "netIncomeFromContinuingOperations": "54300000", "netIncomeApplicableToCommonShares": "12100000", "preferredStockAndOtherAdjustments": "None"}, {"fiscalDateEnding": "2018-02-28", "reportedCurrency": "USD", "totalRevenue": "456300000", "totalOperatingExpense": "53900000", "costOfRevenue": "378700000", "grossProfit": "77600000", "ebit": "23700000", "netIncome": "15500000", "researchAndDevelopment": "0", "effectOfAccountingCharges": "0", "incomeBeforeTax": "21500000", "minorityInterest": "0", "sellingGeneralAdministrative": "53900000", "otherNonOperatingIncome": "None", "operatingIncome": "23700000", "otherOperatingExpense": "0", "interestExpense": "2200000", "taxProvision": "None", "interestIncome": "None", "netInterestIncome": "None", "extraordinaryItems": "0", "nonRecurring": "0", "otherItems": "0", "incomeTaxExpense": "-9800000", "totalOtherIncomeExpense": "-3800000", "discontinuedOperations": "-15800000", "netIncomeFromContinuingOperations": "31300000", "netIncomeApplicableToCommonShares": "15500000", "preferredStockAndOtherAdjustments": "None"}, {"fiscalDateEnding": "2017-11-30", "reportedCurrency": "USD", "totalRevenue": "449700000", "totalOperatingExpense": "106400000", "costOfRevenue": "377200000", "grossProfit": "72500000", "ebit": "-33800000", "netIncome": "-22600000", "researchAndDevelopment": "0", "effectOfAccountingCharges": "0", "incomeBeforeTax": "-35800000", "minorityInterest": "0", "sellingGeneralAdministrative": "52200000", "otherNonOperatingIncome": "100000", "operatingIncome": "-33900000", "otherOperatingExpense": "54200000", "interestExpense": "2000000", "taxProvision": "None", "interestIncome": "None", "netInterestIncome": "None", "extraordinaryItems": "0", "nonRecurring": "0", "otherItems": "0", "incomeTaxExpense": "-13300000", "totalOtherIncomeExpense": "0", "discontinuedOperations": "-100000", "netIncomeFromContinuingOperations": "-22500000", "netIncomeApplicableToCommonShares": "-22600000", "preferredStockAndOtherAdjustments": "None"}, {"fiscalDateEnding": "2017-08-31", "reportedCurrency": "USD", "totalRevenue": "439200000", "totalOperatingExpense": "48000000", "costOfRevenue": "374700000", "grossProfit": "64500000", "ebit": "16500000", "netIncome": "10600000", "researchAndDevelopment": "0", "effectOfAccountingCharges": "0", "incomeBeforeTax": "14800000", "minorityInterest": "0", "sellingGeneralAdministrative": "48000000", "otherNonOperatingIncome": "None", "operatingIncome": "16500000", "otherOperatingExpense": "0", "interestExpense": "1700000", "taxProvision": "None", "interestIncome": "None", "netInterestIncome": "None", "extraordinaryItems": "0", "nonRecurring": "0", "otherItems": "0", "incomeTaxExpense": "4200000", "totalOtherIncomeExpense": "0", "discontinuedOperations": "-15800000", "netIncomeFromContinuingOperations": "10600000", "netIncomeApplicableToCommonShares": "10600000", "preferredStockAndOtherAdjustments": "None"}, {"fiscalDateEnding": "2017-05-31", "reportedCurrency": "USD", "totalRevenue": "492300000", "totalOperatingExpense": "58200000", "costOfRevenue": "412500000", "grossProfit": "79800000", "ebit": "21400000", "netIncome": "21200000", "researchAndDevelopment": "0", "effectOfAccountingCharges": "0", "incomeBeforeTax": "19900000", "minorityInterest": "0", "sellingGeneralAdministrative": "58200000", "otherNonOperatingIncome": "-200000", "operatingIncome": "21600000", "otherOperatingExpense": "0", "interestExpense": "1500000", "taxProvision": "None", "interestIncome": "None", "netInterestIncome": "None", "extraordinaryItems": "0", "nonRecurring": "0", "otherItems": "0", "incomeTaxExpense": "5000000", "totalOtherIncomeExpense": "-5200000", "discontinuedOperations": "10900000", "netIncomeFromContinuingOperations": "14900000", "netIncomeApplicableToCommonShares": "21200000", "preferredStockAndOtherAdjustments": "None"}, {"fiscalDateEnding": "2017-02-28", "reportedCurrency": "USD", "totalRevenue": "446700000", "totalOperatingExpense": "47400000", "costOfRevenue": "377700000", "grossProfit": "69000000", "ebit": "21700000", "netIncome": "13700000", "researchAndDevelopment": "0", "effectOfAccountingCharges": "0", "incomeBeforeTax": "20200000", "minorityInterest": "0", "sellingGeneralAdministrative": "47400000", "otherNonOperatingIncome": "100000", "operatingIncome": "21600000", "otherOperatingExpense": "0", "interestExpense": "1500000", "taxProvision": "None", "interestIncome": "None", "netInterestIncome": "None", "extraordinaryItems": "0", "nonRecurring": "0", "otherItems": "0", "incomeTaxExpense": "6900000", "totalOtherIncomeExpense": "0", "discontinuedOperations": "600000", "netIncomeFromContinuingOperations": "13300000", "netIncomeApplicableToCommonShares": "13700000", "preferredStockAndOtherAdjustments": "None"}, {"fiscalDateEnding": "2016-11-30", "reportedCurrency": "USD", "totalRevenue": "423800000", "totalOperatingExpense": "46300000", "costOfRevenue": "357600000", "grossProfit": "66200000", "ebit": "20000000", "netIncome": "12100000", "researchAndDevelopment": "0", "effectOfAccountingCharges": "0", "incomeBeforeTax": "18800000", "minorityInterest": "0", "sellingGeneralAdministrative": "46300000", "otherNonOperatingIncome": "100000", "operatingIncome": "19900000", "otherOperatingExpense": "0", "interestExpense": "1200000", "taxProvision": "None", "interestIncome": "None", "netInterestIncome": "None", "extraordinaryItems": "0", "nonRecurring": "0", "otherItems": "0", "incomeTaxExpense": "6700000", "totalOtherIncomeExpense": "0", "discontinuedOperations": "3000000", "netIncomeFromContinuingOperations": "12100000", "netIncomeApplicableToCommonShares": "12100000", "preferredStockAndOtherAdjustments": "None"}, {"fiscalDateEnding": "2016-08-31", "reportedCurrency": "USD", "totalRevenue": "404800000", "totalOperatingExpense": "44800000", "costOfRevenue": "343300000", "grossProfit": "61500000", "ebit": "16700000", "netIncome": "9500000", "researchAndDevelopment": "0", "effectOfAccountingCharges": "0", "incomeBeforeTax": "15400000", "minorityInterest": "0", "sellingGeneralAdministrative": "44800000", "otherNonOperatingIncome": "None", "operatingIncome": "16700000", "otherOperatingExpense": "0", "interestExpense": "1300000", "taxProvision": "None", "interestIncome": "None", "netInterestIncome": "None", "extraordinaryItems": "0", "nonRecurring": "0", "otherItems": "0", "incomeTaxExpense": "5500000", "totalOtherIncomeExpense": "0", "discontinuedOperations": "-400000", "netIncomeFromContinuingOperations": "9900000", "netIncomeApplicableToCommonShares": "9500000", "preferredStockAndOtherAdjustments": "None"}, {"fiscalDateEnding": "2016-05-31", "reportedCurrency": "USD", "totalRevenue": "458200000", "totalOperatingExpense": "46300000", "costOfRevenue": "394000000", "grossProfit": "64200000", "ebit": "18000000", "netIncome": "12000000", "researchAndDevelopment": "0", "effectOfAccountingCharges": "0", "incomeBeforeTax": "16800000", "minorityInterest": "0", "sellingGeneralAdministrative": "46300000", "otherNonOperatingIncome": "100000", "operatingIncome": "17900000", "otherOperatingExpense": "0", "interestExpense": "1200000", "taxProvision": "None", "interestIncome": "None", "netInterestIncome": "None", "extraordinaryItems": "0", "nonRecurring": "0", "otherItems": "0", "incomeTaxExpense": "5700000", "totalOtherIncomeExpense": "-6600000", "discontinuedOperations": "800000", "netIncomeFromContinuingOperations": "11100000", "netIncomeApplicableToCommonShares": "12000000", "preferredStockAndOtherAdjustments": "None"}, {"fiscalDateEnding": "2016-02-29", "reportedCurrency": "USD", "totalRevenue": "402800000", "totalOperatingExpense": "42600000", "costOfRevenue": "344500000", "grossProfit": "58300000", "ebit": "15800000", "netIncome": "4800000", "researchAndDevelopment": "0", "effectOfAccountingCharges": "0", "incomeBeforeTax": "14100000", "minorityInterest": "0", "sellingGeneralAdministrative": "42600000", "otherNonOperatingIncome": "100000", "operatingIncome": "15700000", "otherOperatingExpense": "0", "interestExpense": "1700000", "taxProvision": "None", "interestIncome": "None", "netInterestIncome": "None", "extraordinaryItems": "0", "nonRecurring": "0", "otherItems": "0", "incomeTaxExpense": "3400000", "totalOtherIncomeExpense": "0", "discontinuedOperations": "-5900000", "netIncomeFromContinuingOperations": "10700000", "netIncomeApplicableToCommonShares": "4800000", "preferredStockAndOtherAdjustments": "None"}, {"fiscalDateEnding": "2015-11-30", "reportedCurrency": "USD", "totalRevenue": "423800000", "totalOperatingExpense": "42500000", "costOfRevenue": "363900000", "grossProfit": "59900000", "ebit": "17300000", "netIncome": "8000000", "researchAndDevelopment": "0", "effectOfAccountingCharges": "0", "incomeBeforeTax": "15800000", "minorityInterest": "0", "sellingGeneralAdministrative": "42500000", "otherNonOperatingIncome": "-100000", "operatingIncome": "17400000", "otherOperatingExpense": "0", "interestExpense": "1500000", "taxProvision": "None", "interestIncome": "None", "netInterestIncome": "None", "extraordinaryItems": "0", "nonRecurring": "0", "otherItems": "0", "incomeTaxExpense": "5300000", "totalOtherIncomeExpense": "0", "discontinuedOperations": "-2400000", "netIncomeFromContinuingOperations": "10500000", "netIncomeApplicableToCommonShares": "8000000", "preferredStockAndOtherAdjustments": "None"}, {"fiscalDateEnding": "2015-08-31", "reportedCurrency": "USD", "totalRevenue": "377800000", "totalOperatingExpense": "39400000", "costOfRevenue": "323300000", "grossProfit": "54500000", "ebit": "14900000", "netIncome": "22900000", "researchAndDevelopment": "0", "effectOfAccountingCharges": "0", "incomeBeforeTax": "12900000", "minorityInterest": "0", "sellingGeneralAdministrative": "39400000", "otherNonOperatingIncome": "-200000", "operatingIncome": "15100000", "otherOperatingExpense": "0", "interestExpense": "2000000", "taxProvision": "None", "interestIncome": "None", "netInterestIncome": "None", "extraordinaryItems": "0", "nonRecurring": "0", "otherItems": "0", "incomeTaxExpense": "4400000", "totalOtherIncomeExpense": "0", "discontinuedOperations": "14700000", "netIncomeFromContinuingOperations": "8500000", "netIncomeApplicableToCommonShares": "22900000", "preferredStockAndOtherAdjustments": "None"}, {"fiscalDateEnding": "2015-05-31", "reportedCurrency": "USD", "totalRevenue": "255000000", "totalOperatingExpense": "37700000", "costOfRevenue": "299600000", "grossProfit": "-44600000", "ebit": "-128400000", "netIncome": "15100000", "researchAndDevelopment": "0", "effectOfAccountingCharges": "0", "incomeBeforeTax": "-129300000", "minorityInterest": "0", "sellingGeneralAdministrative": "37700000", "otherNonOperatingIncome": "-46100000", "operatingIncome": "-82300000", "otherOperatingExpense": "0", "interestExpense": "900000", "taxProvision": "None", "interestIncome": "None", "netInterestIncome": "None", "extraordinaryItems": "0", "nonRecurring": "0", "otherItems": "0", "incomeTaxExpense": "-43600000", "totalOtherIncomeExpense": "-96300000", "discontinuedOperations": "101200000", "netIncomeFromContinuingOperations": "-85700000", "netIncomeApplicableToCommonShares": "15100000", "preferredStockAndOtherAdjustments": "None"}]}