{"symbol": "AIT", "annualReports": [{"fiscalDateEnding": "2020-06-30", "reportedCurrency": "USD", "totalRevenue": "3245652000", "totalOperatingExpense": "3025896000", "costOfRevenue": "2307916000", "grossProfit": "937736000", "ebit": "155249000", "netIncome": "24042000", "researchAndDevelopment": "None", "effectOfAccountingCharges": "None", "incomeBeforeTax": "55236000", "minorityInterest": "None", "sellingGeneralAdministrative": "717980000", "otherNonOperatingIncome": "None", "operatingIncome": "219756000", "otherOperatingExpense": "None", "interestExpense": "37264000", "taxProvision": "31194000", "interestIncome": "729000", "netInterestIncome": "-36535000", "extraordinaryItems": "None", "nonRecurring": "None", "otherItems": "None", "incomeTaxExpense": "31194000", "totalOtherIncomeExpense": "-127985000", "discontinuedOperations": "None", "netIncomeFromContinuingOperations": "24042000", "netIncomeApplicableToCommonShares": "24042000", "preferredStockAndOtherAdjustments": "None"}, {"fiscalDateEnding": "2019-06-30", "reportedCurrency": "USD", "totalRevenue": "3472739000", "totalOperatingExpense": "773835000", "costOfRevenue": "2465116000", "grossProfit": "1007623000", "ebit": "235269000", "netIncome": "143993000", "researchAndDevelopment": "None", "effectOfAccountingCharges": "None", "incomeBeforeTax": "194481000", "minorityInterest": "None", "sellingGeneralAdministrative": "742241000", "otherNonOperatingIncome": "1481000", "operatingIncome": "233788000", "otherOperatingExpense": "None", "interestExpense": "40788000", "taxProvision": "50488000", "interestIncome": "600000", "netInterestIncome": "-40188000", "extraordinaryItems": "2403000", "nonRecurring": "31594000", "otherItems": "None", "incomeTaxExpense": "50488000", "totalOtherIncomeExpense": "-30713000", "discontinuedOperations": "None", "netIncomeFromContinuingOperations": "143993000", "netIncomeApplicableToCommonShares": "143993000", "preferredStockAndOtherAdjustments": "None"}, {"fiscalDateEnding": "2018-06-30", "reportedCurrency": "USD", "totalRevenue": "3073274000", "totalOperatingExpense": "658168000", "costOfRevenue": "2189279000", "grossProfit": "883995000", "ebit": "228860000", "netIncome": "141625000", "researchAndDevelopment": "0", "effectOfAccountingCharges": "None", "incomeBeforeTax": "204718000", "minorityInterest": "None", "sellingGeneralAdministrative": "658168000", "otherNonOperatingIncome": "3033000", "operatingIncome": "225827000", "otherOperatingExpense": "None", "interestExpense": "24142000", "taxProvision": "63093000", "interestIncome": "657000", "netInterestIncome": "-23485000", "extraordinaryItems": "5822000", "nonRecurring": "None", "otherItems": "None", "incomeTaxExpense": "63093000", "totalOtherIncomeExpense": "2376000", "discontinuedOperations": "None", "netIncomeFromContinuingOperations": "141625000", "netIncomeApplicableToCommonShares": "141625000", "preferredStockAndOtherAdjustments": "None"}, {"fiscalDateEnding": "2017-06-30", "reportedCurrency": "USD", "totalRevenue": "2593746000", "totalOperatingExpense": "563105000", "costOfRevenue": "1856051000", "grossProfit": "737695000", "ebit": "175797000", "netIncome": "133910000", "researchAndDevelopment": "0", "effectOfAccountingCharges": "None", "incomeBeforeTax": "166966000", "minorityInterest": "None", "sellingGeneralAdministrative": "563105000", "otherNonOperatingIncome": "1207000", "operatingIncome": "174590000", "otherOperatingExpense": "None", "interestExpense": "8831000", "taxProvision": "33056000", "interestIncome": "290000", "netInterestIncome": "-8541000", "extraordinaryItems": "None", "nonRecurring": "None", "otherItems": "None", "incomeTaxExpense": "33056000", "totalOtherIncomeExpense": "917000", "discontinuedOperations": "None", "netIncomeFromContinuingOperations": "133910000", "netIncomeApplicableToCommonShares": "133910000", "preferredStockAndOtherAdjustments": "None"}, {"fiscalDateEnding": "2016-06-30", "reportedCurrency": "USD", "totalRevenue": "2519428000", "totalOperatingExpense": "2365833000", "costOfRevenue": "1812006000", "grossProfit": "707422000", "ebit": "129528000", "netIncome": "29577000", "researchAndDevelopment": "0", "effectOfAccountingCharges": "None", "incomeBeforeTax": "78978000", "minorityInterest": "None", "sellingGeneralAdministrative": "528247000", "otherNonOperatingIncome": "-819000", "operatingIncome": "88801000", "otherOperatingExpense": "None", "interestExpense": "9004000", "taxProvision": "49401000", "interestIncome": "-9715000", "netInterestIncome": "-8763000", "extraordinaryItems": "None", "nonRecurring": "64794000", "otherItems": "None", "incomeTaxExpense": "49401000", "totalOtherIncomeExpense": "-65854000", "discontinuedOperations": "None", "netIncomeFromContinuingOperations": "29577000", "netIncomeApplicableToCommonShares": "29577000", "preferredStockAndOtherAdjustments": "None"}], "quarterlyReports": [{"fiscalDateEnding": "2020-06-30", "reportedCurrency": "USD", "totalRevenue": "725076000", "totalOperatingExpense": "678281000", "costOfRevenue": "516786000", "grossProfit": "208290000", "ebit": "63977000", "netIncome": "29989000", "researchAndDevelopment": "None", "effectOfAccountingCharges": "None", "incomeBeforeTax": "40079000", "minorityInterest": "None", "sellingGeneralAdministrative": "161495000", "otherNonOperatingIncome": "None", "operatingIncome": "46795000", "otherOperatingExpense": "None", "interestExpense": "8817000", "taxProvision": "10090000", "interestIncome": "None", "netInterestIncome": "-8088000", "extraordinaryItems": "None", "nonRecurring": "None", "otherItems": "None", "incomeTaxExpense": "10090000", "totalOtherIncomeExpense": "1372000", "discontinuedOperations": "None", "netIncomeFromContinuingOperations": "29989000", "netIncomeApplicableToCommonShares": "29989000", "preferredStockAndOtherAdjustments": "None"}, {"fiscalDateEnding": "2020-03-31", "reportedCurrency": "USD", "totalRevenue": "830797000", "totalOperatingExpense": "314702000", "costOfRevenue": "594045000", "grossProfit": "236752000", "ebit": "-76522000", "netIncome": "-82777000", "researchAndDevelopment": "None", "effectOfAccountingCharges": "None", "incomeBeforeTax": "-85327000", "minorityInterest": "None", "sellingGeneralAdministrative": "183702000", "otherNonOperatingIncome": "1428000", "operatingIncome": "-77950000", "otherOperatingExpense": "None", "interestExpense": "8805000", "taxProvision": "-2550000", "interestIncome": "-7486000", "netInterestIncome": "-8805000", "extraordinaryItems": "None", "nonRecurring": "131000000", "otherItems": "None", "incomeTaxExpense": "-2550000", "totalOtherIncomeExpense": "-129572000", "discontinuedOperations": "None", "netIncomeFromContinuingOperations": "-82777000", "netIncomeApplicableToCommonShares": "-82777000", "preferredStockAndOtherAdjustments": "None"}, {"fiscalDateEnding": "2019-12-31", "reportedCurrency": "USD", "totalRevenue": "833375000", "totalOperatingExpense": "182489000", "costOfRevenue": "592141000", "grossProfit": "241234000", "ebit": "58960000", "netIncome": "38031000", "researchAndDevelopment": "None", "effectOfAccountingCharges": "None", "incomeBeforeTax": "49377000", "minorityInterest": "None", "sellingGeneralAdministrative": "182489000", "otherNonOperatingIncome": "215000", "operatingIncome": "58745000", "otherOperatingExpense": "None", "interestExpense": "9583000", "taxProvision": "11346000", "interestIncome": "-9373000", "netInterestIncome": "-9583000", "extraordinaryItems": "None", "nonRecurring": "None", "otherItems": "None", "incomeTaxExpense": "11346000", "totalOtherIncomeExpense": "215000", "discontinuedOperations": "None", "netIncomeFromContinuingOperations": "38031000", "netIncomeApplicableToCommonShares": "38031000", "preferredStockAndOtherAdjustments": "None"}, {"fiscalDateEnding": "2019-09-30", "reportedCurrency": "USD", "totalRevenue": "856404000", "totalOperatingExpense": "190294000", "costOfRevenue": "604944000", "grossProfit": "251460000", "ebit": "61166000", "netIncome": "38799000", "researchAndDevelopment": "None", "effectOfAccountingCharges": "None", "incomeBeforeTax": "51107000", "minorityInterest": "None", "sellingGeneralAdministrative": "190294000", "otherNonOperatingIncome": "None", "operatingIncome": "61166000", "otherOperatingExpense": "None", "interestExpense": "10059000", "taxProvision": "12308000", "interestIncome": "-9782000", "netInterestIncome": "-10059000", "extraordinaryItems": "None", "nonRecurring": "None", "otherItems": "None", "incomeTaxExpense": "12308000", "totalOtherIncomeExpense": "-11589000", "discontinuedOperations": "None", "netIncomeFromContinuingOperations": "38799000", "netIncomeApplicableToCommonShares": "38799000", "preferredStockAndOtherAdjustments": "None"}, {"fiscalDateEnding": "2019-06-30", "reportedCurrency": "USD", "totalRevenue": "882743000", "totalOperatingExpense": "185376000", "costOfRevenue": "625392000", "grossProfit": "257351000", "ebit": "72907000", "netIncome": "39803000", "researchAndDevelopment": "None", "effectOfAccountingCharges": "None", "incomeBeforeTax": "62120000", "minorityInterest": "None", "sellingGeneralAdministrative": "185376000", "otherNonOperatingIncome": "932000", "operatingIncome": "71975000", "otherOperatingExpense": "None", "interestExpense": "10787000", "taxProvision": "22317000", "interestIncome": "-9973000", "netInterestIncome": "-10187000", "extraordinaryItems": "-2240000", "nonRecurring": "None", "otherItems": "None", "incomeTaxExpense": "22317000", "totalOtherIncomeExpense": "332000", "discontinuedOperations": "None", "netIncomeFromContinuingOperations": "39803000", "netIncomeApplicableToCommonShares": "39803000", "preferredStockAndOtherAdjustments": "None"}, {"fiscalDateEnding": "2019-03-31", "reportedCurrency": "USD", "totalRevenue": "885443000", "totalOperatingExpense": "221050000", "costOfRevenue": "629884000", "grossProfit": "255559000", "ebit": "35765000", "netIncome": "16535000", "researchAndDevelopment": "None", "effectOfAccountingCharges": "None", "incomeBeforeTax": "25818000", "minorityInterest": "None", "sellingGeneralAdministrative": "189456000", "otherNonOperatingIncome": "1256000", "operatingIncome": "34509000", "otherOperatingExpense": "None", "interestExpense": "9947000", "taxProvision": "-4157000", "interestIncome": "-8935000", "netInterestIncome": "-9947000", "extraordinaryItems": "-13440000", "nonRecurring": "31594000", "otherItems": "None", "incomeTaxExpense": "9283000", "totalOtherIncomeExpense": "-30338000", "discontinuedOperations": "None", "netIncomeFromContinuingOperations": "16535000", "netIncomeApplicableToCommonShares": "16535000", "preferredStockAndOtherAdjustments": "None"}, {"fiscalDateEnding": "2018-12-31", "reportedCurrency": "USD", "totalRevenue": "840038000", "totalOperatingExpense": "181895000", "costOfRevenue": "597178000", "grossProfit": "242860000", "ebit": "60019000", "netIncome": "38717000", "researchAndDevelopment": "0", "effectOfAccountingCharges": "None", "incomeBeforeTax": "50441000", "minorityInterest": "None", "sellingGeneralAdministrative": "181895000", "otherNonOperatingIncome": "-946000", "operatingIncome": "60965000", "otherOperatingExpense": "None", "interestExpense": "9578000", "taxProvision": "None", "interestIncome": "None", "netInterestIncome": "None", "extraordinaryItems": "5977000", "nonRecurring": "None", "otherItems": "None", "incomeTaxExpense": "11724000", "totalOtherIncomeExpense": "-10546000", "discontinuedOperations": "None", "netIncomeFromContinuingOperations": "38717000", "netIncomeApplicableToCommonShares": "38717000", "preferredStockAndOtherAdjustments": "None"}, {"fiscalDateEnding": "2018-09-30", "reportedCurrency": "USD", "totalRevenue": "864515000", "totalOperatingExpense": "185514000", "costOfRevenue": "612662000", "grossProfit": "251853000", "ebit": "66578000", "netIncome": "48938000", "researchAndDevelopment": "0", "effectOfAccountingCharges": "None", "incomeBeforeTax": "56102000", "minorityInterest": "None", "sellingGeneralAdministrative": "185514000", "otherNonOperatingIncome": "239000", "operatingIncome": "66339000", "otherOperatingExpense": "None", "interestExpense": "10476000", "taxProvision": "None", "interestIncome": "None", "netInterestIncome": "None", "extraordinaryItems": "None", "nonRecurring": "None", "otherItems": "None", "incomeTaxExpense": "7164000", "totalOtherIncomeExpense": "-10259000", "discontinuedOperations": "None", "netIncomeFromContinuingOperations": "48938000", "netIncomeApplicableToCommonShares": "48938000", "preferredStockAndOtherAdjustments": "None"}, {"fiscalDateEnding": "2018-06-30", "reportedCurrency": "USD", "totalRevenue": "897721000", "totalOperatingExpense": "192856000", "costOfRevenue": "634034000", "grossProfit": "263687000", "ebit": "71842000", "netIncome": "40362000", "researchAndDevelopment": "0", "effectOfAccountingCharges": "0", "incomeBeforeTax": "60221000", "minorityInterest": "0", "sellingGeneralAdministrative": "192856000", "otherNonOperatingIncome": "1011000", "operatingIncome": "70831000", "otherOperatingExpense": "0", "interestExpense": "11621000", "taxProvision": "None", "interestIncome": "None", "netInterestIncome": "None", "extraordinaryItems": "0", "nonRecurring": "0", "otherItems": "0", "incomeTaxExpense": "19859000", "totalOtherIncomeExpense": "-13394000", "discontinuedOperations": "0", "netIncomeFromContinuingOperations": "40362000", "netIncomeApplicableToCommonShares": "40362000", "preferredStockAndOtherAdjustments": "None"}, {"fiscalDateEnding": "2018-03-31", "reportedCurrency": "USD", "totalRevenue": "827665000", "totalOperatingExpense": "183080000", "costOfRevenue": "588141000", "grossProfit": "239524000", "ebit": "57735000", "netIncome": "36592000", "researchAndDevelopment": "0", "effectOfAccountingCharges": "0", "incomeBeforeTax": "49519000", "minorityInterest": "0", "sellingGeneralAdministrative": "183080000", "otherNonOperatingIncome": "1291000", "operatingIncome": "56444000", "otherOperatingExpense": "0", "interestExpense": "8216000", "taxProvision": "None", "interestIncome": "None", "netInterestIncome": "None", "extraordinaryItems": "0", "nonRecurring": "0", "otherItems": "0", "incomeTaxExpense": "12927000", "totalOtherIncomeExpense": "-12566000", "discontinuedOperations": "0", "netIncomeFromContinuingOperations": "36592000", "netIncomeApplicableToCommonShares": "36592000", "preferredStockAndOtherAdjustments": "None"}, {"fiscalDateEnding": "2017-12-31", "reportedCurrency": "USD", "totalRevenue": "667187000", "totalOperatingExpense": "141645000", "costOfRevenue": "478827000", "grossProfit": "188360000", "ebit": "46735000", "netIncome": "30950000", "researchAndDevelopment": "0", "effectOfAccountingCharges": "0", "incomeBeforeTax": "44596000", "minorityInterest": "0", "sellingGeneralAdministrative": "141645000", "otherNonOperatingIncome": "20000", "operatingIncome": "46715000", "otherOperatingExpense": "0", "interestExpense": "2139000", "taxProvision": "None", "interestIncome": "None", "netInterestIncome": "None", "extraordinaryItems": "0", "nonRecurring": "0", "otherItems": "0", "incomeTaxExpense": "13646000", "totalOtherIncomeExpense": "-2458000", "discontinuedOperations": "0", "netIncomeFromContinuingOperations": "30950000", "netIncomeApplicableToCommonShares": "30950000", "preferredStockAndOtherAdjustments": "None"}, {"fiscalDateEnding": "2017-09-30", "reportedCurrency": "USD", "totalRevenue": "680701000", "totalOperatingExpense": "140587000", "costOfRevenue": "488277000", "grossProfit": "192424000", "ebit": "52548000", "netIncome": "33721000", "researchAndDevelopment": "0", "effectOfAccountingCharges": "0", "incomeBeforeTax": "50382000", "minorityInterest": "0", "sellingGeneralAdministrative": "140587000", "otherNonOperatingIncome": "711000", "operatingIncome": "51837000", "otherOperatingExpense": "0", "interestExpense": "2166000", "taxProvision": "None", "interestIncome": "None", "netInterestIncome": "None", "extraordinaryItems": "0", "nonRecurring": "0", "otherItems": "0", "incomeTaxExpense": "16661000", "totalOtherIncomeExpense": "0", "discontinuedOperations": "0", "netIncomeFromContinuingOperations": "33721000", "netIncomeApplicableToCommonShares": "33721000", "preferredStockAndOtherAdjustments": "None"}, {"fiscalDateEnding": "2017-06-30", "reportedCurrency": "USD", "totalRevenue": "681471000", "totalOperatingExpense": "147858000", "costOfRevenue": "485364000", "grossProfit": "196107000", "ebit": "48800000", "netIncome": "52960000", "researchAndDevelopment": "0", "effectOfAccountingCharges": "0", "incomeBeforeTax": "46380000", "minorityInterest": "0", "sellingGeneralAdministrative": "147858000", "otherNonOperatingIncome": "551000", "operatingIncome": "48249000", "otherOperatingExpense": "0", "interestExpense": "2420000", "taxProvision": "None", "interestIncome": "None", "netInterestIncome": "None", "extraordinaryItems": "0", "nonRecurring": "0", "otherItems": "0", "incomeTaxExpense": "-6580000", "totalOtherIncomeExpense": "-7624000", "discontinuedOperations": "0", "netIncomeFromContinuingOperations": "52960000", "netIncomeApplicableToCommonShares": "52960000", "preferredStockAndOtherAdjustments": "None"}, {"fiscalDateEnding": "2017-03-31", "reportedCurrency": "USD", "totalRevenue": "679304000", "totalOperatingExpense": "145335000", "costOfRevenue": "488502000", "grossProfit": "190802000", "ebit": "45514000", "netIncome": "29494000", "researchAndDevelopment": "0", "effectOfAccountingCharges": "0", "incomeBeforeTax": "43349000", "minorityInterest": "0", "sellingGeneralAdministrative": "145335000", "otherNonOperatingIncome": "47000", "operatingIncome": "45467000", "otherOperatingExpense": "0", "interestExpense": "2165000", "taxProvision": "None", "interestIncome": "None", "netInterestIncome": "None", "extraordinaryItems": "0", "nonRecurring": "0", "otherItems": "0", "incomeTaxExpense": "13855000", "totalOtherIncomeExpense": "0", "discontinuedOperations": "0", "netIncomeFromContinuingOperations": "29494000", "netIncomeApplicableToCommonShares": "29494000", "preferredStockAndOtherAdjustments": "None"}, {"fiscalDateEnding": "2016-12-31", "reportedCurrency": "USD", "totalRevenue": "608123000", "totalOperatingExpense": "134800000", "costOfRevenue": "435667000", "grossProfit": "172456000", "ebit": "37867000", "netIncome": "24085000", "researchAndDevelopment": "0", "effectOfAccountingCharges": "0", "incomeBeforeTax": "35767000", "minorityInterest": "0", "sellingGeneralAdministrative": "134800000", "otherNonOperatingIncome": "211000", "operatingIncome": "37656000", "otherOperatingExpense": "0", "interestExpense": "2100000", "taxProvision": "None", "interestIncome": "None", "netInterestIncome": "None", "extraordinaryItems": "0", "nonRecurring": "0", "otherItems": "0", "incomeTaxExpense": "11682000", "totalOtherIncomeExpense": "0", "discontinuedOperations": "0", "netIncomeFromContinuingOperations": "24085000", "netIncomeApplicableToCommonShares": "24085000", "preferredStockAndOtherAdjustments": "None"}, {"fiscalDateEnding": "2016-09-30", "reportedCurrency": "USD", "totalRevenue": "624848000", "totalOperatingExpense": "135112000", "costOfRevenue": "446518000", "grossProfit": "178330000", "ebit": "43616000", "netIncome": "27371000", "researchAndDevelopment": "0", "effectOfAccountingCharges": "0", "incomeBeforeTax": "41470000", "minorityInterest": "0", "sellingGeneralAdministrative": "135112000", "otherNonOperatingIncome": "398000", "operatingIncome": "43218000", "otherOperatingExpense": "0", "interestExpense": "2146000", "taxProvision": "None", "interestIncome": "None", "netInterestIncome": "None", "extraordinaryItems": "0", "nonRecurring": "0", "otherItems": "0", "incomeTaxExpense": "14099000", "totalOtherIncomeExpense": "0", "discontinuedOperations": "0", "netIncomeFromContinuingOperations": "27371000", "netIncomeApplicableToCommonShares": "27371000", "preferredStockAndOtherAdjustments": "None"}, {"fiscalDateEnding": "2016-06-30", "reportedCurrency": "USD", "totalRevenue": "634006000", "totalOperatingExpense": "136005000", "costOfRevenue": "455556000", "grossProfit": "178450000", "ebit": "42750000", "netIncome": "26067000", "researchAndDevelopment": "0", "effectOfAccountingCharges": "0", "incomeBeforeTax": "40450000", "minorityInterest": "0", "sellingGeneralAdministrative": "123765000", "otherNonOperatingIncome": "305000", "operatingIncome": "44245000", "otherOperatingExpense": "0", "interestExpense": "2300000", "taxProvision": "None", "interestIncome": "None", "netInterestIncome": "None", "extraordinaryItems": "0", "nonRecurring": "64794000", "otherItems": "0", "incomeTaxExpense": "14383000", "totalOtherIncomeExpense": "-83417000", "discontinuedOperations": "0", "netIncomeFromContinuingOperations": "26067000", "netIncomeApplicableToCommonShares": "26067000", "preferredStockAndOtherAdjustments": "None"}, {"fiscalDateEnding": "2016-03-31", "reportedCurrency": "USD", "totalRevenue": "633172000", "totalOperatingExpense": "207825000", "costOfRevenue": "458379000", "grossProfit": "174793000", "ebit": "-33097000", "netIncome": "-44728000", "researchAndDevelopment": "0", "effectOfAccountingCharges": "0", "incomeBeforeTax": "-35456000", "minorityInterest": "0", "sellingGeneralAdministrative": "143031000", "otherNonOperatingIncome": "-65000", "operatingIncome": "-33032000", "otherOperatingExpense": "0", "interestExpense": "2359000", "taxProvision": "None", "interestIncome": "None", "netInterestIncome": "None", "extraordinaryItems": "0", "nonRecurring": "64794000", "otherItems": "0", "incomeTaxExpense": "9272000", "totalOtherIncomeExpense": "0", "discontinuedOperations": "0", "netIncomeFromContinuingOperations": "-44728000", "netIncomeApplicableToCommonShares": "-44728000", "preferredStockAndOtherAdjustments": "None"}, {"fiscalDateEnding": "2015-12-31", "reportedCurrency": "USD", "totalRevenue": "610346000", "totalOperatingExpense": "134805000", "costOfRevenue": "437179000", "grossProfit": "173167000", "ebit": "38307000", "netIncome": "23947000", "researchAndDevelopment": "0", "effectOfAccountingCharges": "0", "incomeBeforeTax": "36149000", "minorityInterest": "0", "sellingGeneralAdministrative": "124483000", "otherNonOperatingIncome": "-55000", "operatingIncome": "38362000", "otherOperatingExpense": "0", "interestExpense": "2158000", "taxProvision": "None", "interestIncome": "None", "netInterestIncome": "None", "extraordinaryItems": "0", "nonRecurring": "0", "otherItems": "0", "incomeTaxExpense": "12202000", "totalOtherIncomeExpense": "0", "discontinuedOperations": "0", "netIncomeFromContinuingOperations": "23947000", "netIncomeApplicableToCommonShares": "23947000", "preferredStockAndOtherAdjustments": "None"}, {"fiscalDateEnding": "2015-09-30", "reportedCurrency": "USD", "totalRevenue": "641904000", "totalOperatingExpense": "139986000", "costOfRevenue": "460892000", "grossProfit": "181012000", "ebit": "40022000", "netIncome": "24291000", "researchAndDevelopment": "0", "effectOfAccountingCharges": "0", "incomeBeforeTax": "37835000", "minorityInterest": "0", "sellingGeneralAdministrative": "139986000", "otherNonOperatingIncome": "-1004000", "operatingIncome": "41026000", "otherOperatingExpense": "0", "interestExpense": "2187000", "taxProvision": "None", "interestIncome": "None", "netInterestIncome": "None", "extraordinaryItems": "0", "nonRecurring": "0", "otherItems": "0", "incomeTaxExpense": "13544000", "totalOtherIncomeExpense": "0", "discontinuedOperations": "0", "netIncomeFromContinuingOperations": "24291000", "netIncomeApplicableToCommonShares": "24291000", "preferredStockAndOtherAdjustments": "None"}, {"fiscalDateEnding": "2015-06-30", "reportedCurrency": "USD", "totalRevenue": "677540000", "totalOperatingExpense": "143931000", "costOfRevenue": "485734000", "grossProfit": "191806000", "ebit": "46985000", "netIncome": "28045000", "researchAndDevelopment": "0", "effectOfAccountingCharges": "0", "incomeBeforeTax": "44602000", "minorityInterest": "0", "sellingGeneralAdministrative": "143931000", "otherNonOperatingIncome": "-890000", "operatingIncome": "47875000", "otherOperatingExpense": "0", "interestExpense": "2383000", "taxProvision": "None", "interestIncome": "None", "netInterestIncome": "None", "extraordinaryItems": "0", "nonRecurring": "64794000", "otherItems": "0", "incomeTaxExpense": "16557000", "totalOtherIncomeExpense": "-8748000", "discontinuedOperations": "0", "netIncomeFromContinuingOperations": "28045000", "netIncomeApplicableToCommonShares": "28045000", "preferredStockAndOtherAdjustments": "None"}]}