{"symbol": "AJRD", "annualReports": [{"fiscalDateEnding": "2019-12-31", "reportedCurrency": "USD", "totalRevenue": "1981500000", "totalOperatingExpense": "129700000", "costOfRevenue": "1613600000", "grossProfit": "367900000", "ebit": "227600000", "netIncome": "141000000", "researchAndDevelopment": "None", "effectOfAccountingCharges": "None", "incomeBeforeTax": "191900000", "minorityInterest": "None", "sellingGeneralAdministrative": "53600000", "otherNonOperatingIncome": "-10600000", "operatingIncome": "238200000", "otherOperatingExpense": "74000000", "interestExpense": "35700000", "taxProvision": "50900000", "interestIncome": "15500000", "netInterestIncome": "-20200000", "extraordinaryItems": "None", "nonRecurring": "2100000", "otherItems": "None", "incomeTaxExpense": "50900000", "totalOtherIncomeExpense": "-26100000", "discontinuedOperations": "None", "netIncomeFromContinuingOperations": "141000000", "netIncomeApplicableToCommonShares": "141000000", "preferredStockAndOtherAdjustments": "None"}, {"fiscalDateEnding": "2018-12-31", "reportedCurrency": "USD", "totalRevenue": "1895900000", "totalOperatingExpense": "75900000", "costOfRevenue": "1549400000", "grossProfit": "346500000", "ebit": "223000000", "netIncome": "137300000", "researchAndDevelopment": "0", "effectOfAccountingCharges": "None", "incomeBeforeTax": "188600000", "minorityInterest": "None", "sellingGeneralAdministrative": "43800000", "otherNonOperatingIncome": "-47600000", "operatingIncome": "270600000", "otherOperatingExpense": "69000000", "interestExpense": "34400000", "taxProvision": "51300000", "interestIncome": "10000000", "netInterestIncome": "-24400000", "extraordinaryItems": "None", "nonRecurring": "-36900000", "otherItems": "None", "incomeTaxExpense": "51300000", "totalOtherIncomeExpense": "-57600000", "discontinuedOperations": "None", "netIncomeFromContinuingOperations": "137300000", "netIncomeApplicableToCommonShares": "137300000", "preferredStockAndOtherAdjustments": "None"}, {"fiscalDateEnding": "2017-12-31", "reportedCurrency": "USD", "totalRevenue": "1877200000", "totalOperatingExpense": "147500000", "costOfRevenue": "1615400000", "grossProfit": "261800000", "ebit": "117800000", "netIncome": "-9200000", "researchAndDevelopment": "44600000", "effectOfAccountingCharges": "None", "incomeBeforeTax": "86900000", "minorityInterest": "None", "sellingGeneralAdministrative": "67000000", "otherNonOperatingIncome": "3500000", "operatingIncome": "114300000", "otherOperatingExpense": "80500000", "interestExpense": "30900000", "taxProvision": "96100000", "interestIncome": "3500000", "netInterestIncome": "-27400000", "extraordinaryItems": "-64600000", "nonRecurring": "None", "otherItems": "None", "incomeTaxExpense": "96100000", "totalOtherIncomeExpense": "-30300000", "discontinuedOperations": "None", "netIncomeFromContinuingOperations": "-9200000", "netIncomeApplicableToCommonShares": "-9200000", "preferredStockAndOtherAdjustments": "None"}, {"fiscalDateEnding": "2016-12-31", "reportedCurrency": "USD", "totalRevenue": "1761300000", "totalOperatingExpense": "172700000", "costOfRevenue": "1527400000", "grossProfit": "233900000", "ebit": "61800000", "netIncome": "18000000", "researchAndDevelopment": "0", "effectOfAccountingCharges": "None", "incomeBeforeTax": "29300000", "minorityInterest": "None", "sellingGeneralAdministrative": "88100000", "otherNonOperatingIncome": "600000", "operatingIncome": "61200000", "otherOperatingExpense": "84600000", "interestExpense": "32500000", "taxProvision": "11200000", "interestIncome": "600000", "netInterestIncome": "-31900000", "extraordinaryItems": "None", "nonRecurring": "None", "otherItems": "None", "incomeTaxExpense": "11200000", "totalOtherIncomeExpense": "-34500000", "discontinuedOperations": "-100000", "netIncomeFromContinuingOperations": "18100000", "netIncomeApplicableToCommonShares": "18000000", "preferredStockAndOtherAdjustments": "None"}, {"fiscalDateEnding": "2015-12-31", "reportedCurrency": "USD", "totalRevenue": "1708300000", "totalOperatingExpense": "215500000", "costOfRevenue": "1459500000", "grossProfit": "248800000", "ebit": "33600000", "netIncome": "-16200000", "researchAndDevelopment": "32100000", "effectOfAccountingCharges": "None", "incomeBeforeTax": "-16800000", "minorityInterest": "None", "sellingGeneralAdministrative": "100900000", "otherNonOperatingIncome": "300000", "operatingIncome": "33300000", "otherOperatingExpense": "82500000", "interestExpense": "50400000", "taxProvision": "None", "interestIncome": "None", "netInterestIncome": "None", "extraordinaryItems": "None", "nonRecurring": "None", "otherItems": "None", "incomeTaxExpense": "300000", "totalOtherIncomeExpense": "-50400000", "discontinuedOperations": "None", "netIncomeFromContinuingOperations": "-17100000", "netIncomeApplicableToCommonShares": "-16200000", "preferredStockAndOtherAdjustments": "None"}], "quarterlyReports": [{"fiscalDateEnding": "2020-06-30", "reportedCurrency": "USD", "totalRevenue": "512400000", "totalOperatingExpense": "28200000", "costOfRevenue": "415200000", "grossProfit": "97200000", "ebit": "60900000", "netIncome": "39200000", "researchAndDevelopment": "None", "effectOfAccountingCharges": "None", "incomeBeforeTax": "53500000", "minorityInterest": "None", "sellingGeneralAdministrative": "10700000", "otherNonOperatingIncome": "-8100000", "operatingIncome": "69000000", "otherOperatingExpense": "17500000", "interestExpense": "7400000", "taxProvision": "14300000", "interestIncome": "1000000", "netInterestIncome": "-6400000", "extraordinaryItems": "None", "nonRecurring": "None", "otherItems": "None", "incomeTaxExpense": "14300000", "totalOtherIncomeExpense": "-9100000", "discontinuedOperations": "None", "netIncomeFromContinuingOperations": "39200000", "netIncomeApplicableToCommonShares": "39200000", "preferredStockAndOtherAdjustments": "None"}, {"fiscalDateEnding": "2020-03-31", "reportedCurrency": "USD", "totalRevenue": "476100000", "totalOperatingExpense": "24100000", "costOfRevenue": "394900000", "grossProfit": "81200000", "ebit": "51100000", "netIncome": "31400000", "researchAndDevelopment": "None", "effectOfAccountingCharges": "None", "incomeBeforeTax": "42700000", "minorityInterest": "None", "sellingGeneralAdministrative": "9100000", "otherNonOperatingIncome": "-6000000", "operatingIncome": "57100000", "otherOperatingExpense": "15000000", "interestExpense": "8400000", "taxProvision": "11300000", "interestIncome": "3200000", "netInterestIncome": "-5200000", "extraordinaryItems": "None", "nonRecurring": "None", "otherItems": "None", "incomeTaxExpense": "11300000", "totalOtherIncomeExpense": "-9200000", "discontinuedOperations": "None", "netIncomeFromContinuingOperations": "31400000", "netIncomeApplicableToCommonShares": "31400000", "preferredStockAndOtherAdjustments": "None"}, {"fiscalDateEnding": "2019-12-31", "reportedCurrency": "USD", "totalRevenue": "523000000", "totalOperatingExpense": "30800000", "costOfRevenue": "443500000", "grossProfit": "79500000", "ebit": "45700000", "netIncome": "25300000", "researchAndDevelopment": "None", "effectOfAccountingCharges": "None", "incomeBeforeTax": "37200000", "minorityInterest": "None", "sellingGeneralAdministrative": "9400000", "otherNonOperatingIncome": "-3000000", "operatingIncome": "48700000", "otherOperatingExpense": "20300000", "interestExpense": "8500000", "taxProvision": "11900000", "interestIncome": "3600000", "netInterestIncome": "-4900000", "extraordinaryItems": "None", "nonRecurring": "1100000", "otherItems": "None", "incomeTaxExpense": "11900000", "totalOtherIncomeExpense": "-6600000", "discontinuedOperations": "None", "netIncomeFromContinuingOperations": "25300000", "netIncomeApplicableToCommonShares": "25300000", "preferredStockAndOtherAdjustments": "None"}, {"fiscalDateEnding": "2019-09-30", "reportedCurrency": "USD", "totalRevenue": "481800000", "totalOperatingExpense": "33800000", "costOfRevenue": "392900000", "grossProfit": "88900000", "ebit": "52500000", "netIncome": "32900000", "researchAndDevelopment": "None", "effectOfAccountingCharges": "None", "incomeBeforeTax": "43500000", "minorityInterest": "None", "sellingGeneralAdministrative": "15100000", "otherNonOperatingIncome": "-2600000", "operatingIncome": "55100000", "otherOperatingExpense": "17700000", "interestExpense": "9000000", "taxProvision": "10600000", "interestIncome": "3900000", "netInterestIncome": "-5100000", "extraordinaryItems": "None", "nonRecurring": "1000000", "otherItems": "None", "incomeTaxExpense": "10600000", "totalOtherIncomeExpense": "-6500000", "discontinuedOperations": "None", "netIncomeFromContinuingOperations": "32900000", "netIncomeApplicableToCommonShares": "32900000", "preferredStockAndOtherAdjustments": "None"}, {"fiscalDateEnding": "2019-06-30", "reportedCurrency": "USD", "totalRevenue": "485000000", "totalOperatingExpense": "34300000", "costOfRevenue": "379600000", "grossProfit": "105400000", "ebit": "68600000", "netIncome": "44100000", "researchAndDevelopment": "None", "effectOfAccountingCharges": "None", "incomeBeforeTax": "59400000", "minorityInterest": "None", "sellingGeneralAdministrative": "16900000", "otherNonOperatingIncome": "-2500000", "operatingIncome": "71100000", "otherOperatingExpense": "17400000", "interestExpense": "9200000", "taxProvision": "15300000", "interestIncome": "4000000", "netInterestIncome": "-5200000", "extraordinaryItems": "None", "nonRecurring": "None", "otherItems": "None", "incomeTaxExpense": "15300000", "totalOtherIncomeExpense": "-6500000", "discontinuedOperations": "None", "netIncomeFromContinuingOperations": "44100000", "netIncomeApplicableToCommonShares": "44100000", "preferredStockAndOtherAdjustments": "None"}, {"fiscalDateEnding": "2019-03-31", "reportedCurrency": "USD", "totalRevenue": "491700000", "totalOperatingExpense": "30800000", "costOfRevenue": "397600000", "grossProfit": "94100000", "ebit": "60800000", "netIncome": "38700000", "researchAndDevelopment": "None", "effectOfAccountingCharges": "None", "incomeBeforeTax": "51800000", "minorityInterest": "None", "sellingGeneralAdministrative": "12200000", "otherNonOperatingIncome": "-2500000", "operatingIncome": "63300000", "otherOperatingExpense": "18600000", "interestExpense": "9000000", "taxProvision": "13100000", "interestIncome": "4000000", "netInterestIncome": "-5000000", "extraordinaryItems": "None", "nonRecurring": "None", "otherItems": "None", "incomeTaxExpense": "13100000", "totalOtherIncomeExpense": "-6500000", "discontinuedOperations": "None", "netIncomeFromContinuingOperations": "38700000", "netIncomeApplicableToCommonShares": "38700000", "preferredStockAndOtherAdjustments": "None"}, {"fiscalDateEnding": "2018-12-31", "reportedCurrency": "USD", "totalRevenue": "437900000", "totalOperatingExpense": "30800000", "costOfRevenue": "352400000", "grossProfit": "85500000", "ebit": "43900000", "netIncome": "23500000", "researchAndDevelopment": "0", "effectOfAccountingCharges": "0", "incomeBeforeTax": "35000000", "minorityInterest": "0", "sellingGeneralAdministrative": "13000000", "otherNonOperatingIncome": "-10800000", "operatingIncome": "54700000", "otherOperatingExpense": "14900000", "interestExpense": "8900000", "taxProvision": "None", "interestIncome": "None", "netInterestIncome": "None", "extraordinaryItems": "0", "nonRecurring": "2900000", "otherItems": "0", "incomeTaxExpense": "11500000", "totalOtherIncomeExpense": "-5600000", "discontinuedOperations": "0", "netIncomeFromContinuingOperations": "23500000", "netIncomeApplicableToCommonShares": "23500000", "preferredStockAndOtherAdjustments": "None"}, {"fiscalDateEnding": "2018-09-30", "reportedCurrency": "USD", "totalRevenue": "498800000", "totalOperatingExpense": "-10200000", "costOfRevenue": "400700000", "grossProfit": "98100000", "ebit": "96700000", "netIncome": "65000000", "researchAndDevelopment": "0", "effectOfAccountingCharges": "0", "incomeBeforeTax": "87600000", "minorityInterest": "0", "sellingGeneralAdministrative": "13000000", "otherNonOperatingIncome": "-11600000", "operatingIncome": "108300000", "otherOperatingExpense": "16600000", "interestExpense": "9100000", "taxProvision": "None", "interestIncome": "None", "netInterestIncome": "None", "extraordinaryItems": "0", "nonRecurring": "-39800000", "otherItems": "0", "incomeTaxExpense": "22600000", "totalOtherIncomeExpense": "-6500000", "discontinuedOperations": "0", "netIncomeFromContinuingOperations": "65000000", "netIncomeApplicableToCommonShares": "65000000", "preferredStockAndOtherAdjustments": "None"}, {"fiscalDateEnding": "2018-06-30", "reportedCurrency": "USD", "totalRevenue": "467200000", "totalOperatingExpense": "29700000", "costOfRevenue": "369500000", "grossProfit": "97700000", "ebit": "55600000", "netIncome": "34800000", "researchAndDevelopment": "0", "effectOfAccountingCharges": "0", "incomeBeforeTax": "47300000", "minorityInterest": "0", "sellingGeneralAdministrative": "11100000", "otherNonOperatingIncome": "-12400000", "operatingIncome": "68000000", "otherOperatingExpense": "18600000", "interestExpense": "8300000", "taxProvision": "None", "interestIncome": "None", "netInterestIncome": "None", "extraordinaryItems": "0", "nonRecurring": "0", "otherItems": "0", "incomeTaxExpense": "12500000", "totalOtherIncomeExpense": "-6300000", "discontinuedOperations": "0", "netIncomeFromContinuingOperations": "34800000", "netIncomeApplicableToCommonShares": "34800000", "preferredStockAndOtherAdjustments": "None"}, {"fiscalDateEnding": "2018-03-31", "reportedCurrency": "USD", "totalRevenue": "492000000", "totalOperatingExpense": "25600000", "costOfRevenue": "426800000", "grossProfit": "65200000", "ebit": "26800000", "netIncome": "14000000", "researchAndDevelopment": "0", "effectOfAccountingCharges": "0", "incomeBeforeTax": "18700000", "minorityInterest": "0", "sellingGeneralAdministrative": "6700000", "otherNonOperatingIncome": "-12800000", "operatingIncome": "39600000", "otherOperatingExpense": "18900000", "interestExpense": "8100000", "taxProvision": "None", "interestIncome": "None", "netInterestIncome": "None", "extraordinaryItems": "0", "nonRecurring": "0", "otherItems": "0", "incomeTaxExpense": "4700000", "totalOtherIncomeExpense": "-6900000", "discontinuedOperations": "0", "netIncomeFromContinuingOperations": "14000000", "netIncomeApplicableToCommonShares": "14000000", "preferredStockAndOtherAdjustments": "None"}, {"fiscalDateEnding": "2017-12-31", "reportedCurrency": "USD", "totalRevenue": "528200000", "totalOperatingExpense": "36800000", "costOfRevenue": "461700000", "grossProfit": "66500000", "ebit": "30900000", "netIncome": "-52000000", "researchAndDevelopment": "44600000", "effectOfAccountingCharges": "0", "incomeBeforeTax": "22900000", "minorityInterest": "0", "sellingGeneralAdministrative": "11300000", "otherNonOperatingIncome": "1200000", "operatingIncome": "29700000", "otherOperatingExpense": "25500000", "interestExpense": "8000000", "taxProvision": "None", "interestIncome": "None", "netInterestIncome": "None", "extraordinaryItems": "0", "nonRecurring": "0", "otherItems": "0", "incomeTaxExpense": "74900000", "totalOtherIncomeExpense": "-23600000", "discontinuedOperations": "0", "netIncomeFromContinuingOperations": "-52000000", "netIncomeApplicableToCommonShares": "-52000000", "preferredStockAndOtherAdjustments": "None"}, {"fiscalDateEnding": "2017-09-30", "reportedCurrency": "USD", "totalRevenue": "484100000", "totalOperatingExpense": "41700000", "costOfRevenue": "417100000", "grossProfit": "67000000", "ebit": "26300000", "netIncome": "12600000", "researchAndDevelopment": "0", "effectOfAccountingCharges": "0", "incomeBeforeTax": "18600000", "minorityInterest": "0", "sellingGeneralAdministrative": "22500000", "otherNonOperatingIncome": "1000000", "operatingIncome": "25300000", "otherOperatingExpense": "19200000", "interestExpense": "7700000", "taxProvision": "None", "interestIncome": "None", "netInterestIncome": "None", "extraordinaryItems": "0", "nonRecurring": "0", "otherItems": "0", "incomeTaxExpense": "6000000", "totalOtherIncomeExpense": "300000", "discontinuedOperations": "0", "netIncomeFromContinuingOperations": "12600000", "netIncomeApplicableToCommonShares": "12600000", "preferredStockAndOtherAdjustments": "None"}, {"fiscalDateEnding": "2017-06-30", "reportedCurrency": "USD", "totalRevenue": "459600000", "totalOperatingExpense": "32500000", "costOfRevenue": "383900000", "grossProfit": "75700000", "ebit": "44000000", "netIncome": "24300000", "researchAndDevelopment": "0", "effectOfAccountingCharges": "0", "incomeBeforeTax": "36200000", "minorityInterest": "0", "sellingGeneralAdministrative": "14700000", "otherNonOperatingIncome": "800000", "operatingIncome": "43200000", "otherOperatingExpense": "17800000", "interestExpense": "7800000", "taxProvision": "None", "interestIncome": "None", "netInterestIncome": "None", "extraordinaryItems": "0", "nonRecurring": "0", "otherItems": "0", "incomeTaxExpense": "11900000", "totalOtherIncomeExpense": "-100000", "discontinuedOperations": "0", "netIncomeFromContinuingOperations": "24300000", "netIncomeApplicableToCommonShares": "24300000", "preferredStockAndOtherAdjustments": "None"}, {"fiscalDateEnding": "2017-03-31", "reportedCurrency": "USD", "totalRevenue": "405300000", "totalOperatingExpense": "36500000", "costOfRevenue": "352700000", "grossProfit": "52600000", "ebit": "16600000", "netIncome": "5900000", "researchAndDevelopment": "0", "effectOfAccountingCharges": "0", "incomeBeforeTax": "9200000", "minorityInterest": "0", "sellingGeneralAdministrative": "18500000", "otherNonOperatingIncome": "500000", "operatingIncome": "16100000", "otherOperatingExpense": "18000000", "interestExpense": "7400000", "taxProvision": "None", "interestIncome": "None", "netInterestIncome": "None", "extraordinaryItems": "0", "nonRecurring": "0", "otherItems": "0", "incomeTaxExpense": "3300000", "totalOtherIncomeExpense": "-6900000", "discontinuedOperations": "0", "netIncomeFromContinuingOperations": "5900000", "netIncomeApplicableToCommonShares": "5900000", "preferredStockAndOtherAdjustments": "None"}, {"fiscalDateEnding": "2016-12-31", "reportedCurrency": "USD", "totalRevenue": "532200000", "totalOperatingExpense": "37200000", "costOfRevenue": "455800000", "grossProfit": "76400000", "ebit": "39400000", "netIncome": "18100000", "researchAndDevelopment": "43000000", "effectOfAccountingCharges": "0", "incomeBeforeTax": "34300000", "minorityInterest": "0", "sellingGeneralAdministrative": "17600000", "otherNonOperatingIncome": "200000", "operatingIncome": "39200000", "otherOperatingExpense": "19600000", "interestExpense": "5100000", "taxProvision": "None", "interestIncome": "None", "netInterestIncome": "None", "extraordinaryItems": "0", "nonRecurring": "0", "otherItems": "0", "incomeTaxExpense": "16300000", "totalOtherIncomeExpense": "-71600000", "discontinuedOperations": "300000", "netIncomeFromContinuingOperations": "18000000", "netIncomeApplicableToCommonShares": "18100000", "preferredStockAndOtherAdjustments": "None"}, {"fiscalDateEnding": "2016-09-30", "reportedCurrency": "USD", "totalRevenue": "463800000", "totalOperatingExpense": "77800000", "costOfRevenue": "405400000", "grossProfit": "58400000", "ebit": "-19300000", "netIncome": "-11100000", "researchAndDevelopment": "0", "effectOfAccountingCharges": "0", "incomeBeforeTax": "-25200000", "minorityInterest": "0", "sellingGeneralAdministrative": "44900000", "otherNonOperatingIncome": "100000", "operatingIncome": "-19400000", "otherOperatingExpense": "32900000", "interestExpense": "5900000", "taxProvision": "None", "interestIncome": "None", "netInterestIncome": "None", "extraordinaryItems": "0", "nonRecurring": "0", "otherItems": "0", "incomeTaxExpense": "-14200000", "totalOtherIncomeExpense": "14800000", "discontinuedOperations": "-700000", "netIncomeFromContinuingOperations": "-11000000", "netIncomeApplicableToCommonShares": "-11100000", "preferredStockAndOtherAdjustments": "None"}, {"fiscalDateEnding": "2016-06-30", "reportedCurrency": "USD", "totalRevenue": "408400000", "totalOperatingExpense": "30100000", "costOfRevenue": "356500000", "grossProfit": "51900000", "ebit": "21900000", "netIncome": "5900000", "researchAndDevelopment": "0", "effectOfAccountingCharges": "0", "incomeBeforeTax": "11500000", "minorityInterest": "0", "sellingGeneralAdministrative": "13700000", "otherNonOperatingIncome": "100000", "operatingIncome": "21800000", "otherOperatingExpense": "16400000", "interestExpense": "10400000", "taxProvision": "None", "interestIncome": "None", "netInterestIncome": "None", "extraordinaryItems": "0", "nonRecurring": "0", "otherItems": "0", "incomeTaxExpense": "5600000", "totalOtherIncomeExpense": "-10300000", "discontinuedOperations": "400000", "netIncomeFromContinuingOperations": "5900000", "netIncomeApplicableToCommonShares": "5900000", "preferredStockAndOtherAdjustments": "None"}, {"fiscalDateEnding": "2016-03-31", "reportedCurrency": "USD", "totalRevenue": "356900000", "totalOperatingExpense": "27600000", "costOfRevenue": "309700000", "grossProfit": "47200000", "ebit": "19800000", "netIncome": "5100000", "researchAndDevelopment": "0", "effectOfAccountingCharges": "0", "incomeBeforeTax": "8700000", "minorityInterest": "0", "sellingGeneralAdministrative": "11900000", "otherNonOperatingIncome": "200000", "operatingIncome": "19600000", "otherOperatingExpense": "15700000", "interestExpense": "11100000", "taxProvision": "None", "interestIncome": "None", "netInterestIncome": "None", "extraordinaryItems": "0", "nonRecurring": "0", "otherItems": "0", "incomeTaxExpense": "3500000", "totalOtherIncomeExpense": "0", "discontinuedOperations": "-100000", "netIncomeFromContinuingOperations": "5200000", "netIncomeApplicableToCommonShares": "5100000", "preferredStockAndOtherAdjustments": "None"}, {"fiscalDateEnding": "2015-12-31", "reportedCurrency": "USD", "totalRevenue": "111700000", "totalOperatingExpense": "-624200000", "costOfRevenue": "-207300000", "grossProfit": "36000000", "ebit": "71500000", "netIncome": "43700000", "researchAndDevelopment": "-63900000", "effectOfAccountingCharges": "0", "incomeBeforeTax": "123900000", "minorityInterest": "0", "sellingGeneralAdministrative": "-3900000", "otherNonOperatingIncome": "None", "operatingIncome": "87300000", "otherOperatingExpense": "-18900000", "interestExpense": "-84100000", "taxProvision": "None", "interestIncome": "None", "netInterestIncome": "None", "extraordinaryItems": "0", "nonRecurring": "-50000000", "otherItems": "0", "incomeTaxExpense": "-19800000", "totalOtherIncomeExpense": "53800000", "discontinuedOperations": "-900000", "netIncomeFromContinuingOperations": "100200000", "netIncomeApplicableToCommonShares": "97800000", "preferredStockAndOtherAdjustments": "None"}, {"fiscalDateEnding": "2015-09-30", "reportedCurrency": "USD", "totalRevenue": "492300000", "totalOperatingExpense": "34500000", "costOfRevenue": "430900000", "grossProfit": "61400000", "ebit": "27000000", "netIncome": "7400000", "researchAndDevelopment": "23800000", "effectOfAccountingCharges": "0", "incomeBeforeTax": "15100000", "minorityInterest": "0", "sellingGeneralAdministrative": "9500000", "otherNonOperatingIncome": "100000", "operatingIncome": "26900000", "otherOperatingExpense": "1200000", "interestExpense": "11900000", "taxProvision": "None", "interestIncome": "None", "netInterestIncome": "None", "extraordinaryItems": "0", "nonRecurring": "50000000", "otherItems": "0", "incomeTaxExpense": "7800000", "totalOtherIncomeExpense": "-118800000", "discontinuedOperations": "900000", "netIncomeFromContinuingOperations": "7300000", "netIncomeApplicableToCommonShares": "7400000", "preferredStockAndOtherAdjustments": "None"}, {"fiscalDateEnding": "2015-06-30", "reportedCurrency": "USD", "totalRevenue": "440500000", "totalOperatingExpense": "116300000", "costOfRevenue": "373300000", "grossProfit": "67200000", "ebit": "-49000000", "netIncome": "-38100000", "researchAndDevelopment": "8300000", "effectOfAccountingCharges": "0", "incomeBeforeTax": "-60900000", "minorityInterest": "0", "sellingGeneralAdministrative": "62600000", "otherNonOperatingIncome": "100000", "operatingIncome": "-49100000", "otherOperatingExpense": "45400000", "interestExpense": "11900000", "taxProvision": "None", "interestIncome": "None", "netInterestIncome": "None", "extraordinaryItems": "0", "nonRecurring": "0", "otherItems": "0", "incomeTaxExpense": "-22200000", "totalOtherIncomeExpense": "14500000", "discontinuedOperations": "0", "netIncomeFromContinuingOperations": "-38700000", "netIncomeApplicableToCommonShares": "-38100000", "preferredStockAndOtherAdjustments": "None"}]}