{"symbol": "AKCA", "annualReports": [{"fiscalDateEnding": "2019-12-31", "reportedCurrency": "USD", "totalRevenue": "488543000", "totalOperatingExpense": "450469000", "costOfRevenue": "15659000", "grossProfit": "472884000", "ebit": "50558000", "netIncome": "40772000", "researchAndDevelopment": "292852000", "effectOfAccountingCharges": "None", "incomeBeforeTax": "42964000", "minorityInterest": "None", "sellingGeneralAdministrative": "181681000", "otherNonOperatingIncome": "None", "operatingIncome": "38074000", "otherOperatingExpense": "-39723000", "interestExpense": "0", "taxProvision": "2192000", "interestIncome": "5505000", "netInterestIncome": "0", "extraordinaryItems": "None", "nonRecurring": "None", "otherItems": "None", "incomeTaxExpense": "2192000", "totalOtherIncomeExpense": "4890000", "discontinuedOperations": "None", "netIncomeFromContinuingOperations": "40772000", "netIncomeApplicableToCommonShares": "27280000", "preferredStockAndOtherAdjustments": "None"}, {"fiscalDateEnding": "2018-12-31", "reportedCurrency": "USD", "totalRevenue": "64867000", "totalOperatingExpense": "295683000", "costOfRevenue": "11733000", "grossProfit": "53134000", "ebit": "-222197000", "netIncome": "-225821000", "researchAndDevelopment": "130340000", "effectOfAccountingCharges": "None", "incomeBeforeTax": "-225374000", "minorityInterest": "None", "sellingGeneralAdministrative": "153610000", "otherNonOperatingIncome": "None", "operatingIncome": "-230816000", "otherOperatingExpense": "-39723000", "interestExpense": "0", "taxProvision": "447000", "interestIncome": "5631000", "netInterestIncome": "0", "extraordinaryItems": "None", "nonRecurring": "None", "otherItems": "None", "incomeTaxExpense": "447000", "totalOtherIncomeExpense": "5442000", "discontinuedOperations": "None", "netIncomeFromContinuingOperations": "-225821000", "netIncomeApplicableToCommonShares": "-233613000", "preferredStockAndOtherAdjustments": "None"}, {"fiscalDateEnding": "2017-12-31", "reportedCurrency": "USD", "totalRevenue": "55209000", "totalOperatingExpense": "163871000", "costOfRevenue": "126890000", "grossProfit": "43401000", "ebit": "-106517000", "netIncome": "-109751000", "researchAndDevelopment": "126890000", "effectOfAccountingCharges": "None", "incomeBeforeTax": "-108476000", "minorityInterest": "None", "sellingGeneralAdministrative": "36981000", "otherNonOperatingIncome": "None", "operatingIncome": "-108662000", "otherOperatingExpense": "-39723000", "interestExpense": "1731000", "taxProvision": "1275000", "interestIncome": "82000", "netInterestIncome": "-1731000", "extraordinaryItems": "None", "nonRecurring": "None", "otherItems": "None", "incomeTaxExpense": "1275000", "totalOtherIncomeExpense": "1917000", "discontinuedOperations": "None", "netIncomeFromContinuingOperations": "-109751000", "netIncomeApplicableToCommonShares": "-93174000", "preferredStockAndOtherAdjustments": "None"}, {"fiscalDateEnding": "2016-12-31", "reportedCurrency": "USD", "totalRevenue": "0", "totalOperatingExpense": "83512000", "costOfRevenue": "68459000", "grossProfit": "-68459000", "ebit": "-83086000", "netIncome": "-83217000", "researchAndDevelopment": "68459000", "effectOfAccountingCharges": "None", "incomeBeforeTax": "-83217000", "minorityInterest": "None", "sellingGeneralAdministrative": "15053000", "otherNonOperatingIncome": "None", "operatingIncome": "-83512000", "otherOperatingExpense": "-39723000", "interestExpense": "0", "taxProvision": "None", "interestIncome": "295000", "netInterestIncome": "0", "extraordinaryItems": "None", "nonRecurring": "None", "otherItems": "None", "incomeTaxExpense": "0", "totalOtherIncomeExpense": "295000", "discontinuedOperations": "None", "netIncomeFromContinuingOperations": "-83217000", "netIncomeApplicableToCommonShares": "-83217000", "preferredStockAndOtherAdjustments": "None"}, {"fiscalDateEnding": "2015-12-31", "reportedCurrency": "USD", "totalRevenue": "0", "totalOperatingExpense": "61438000", "costOfRevenue": "50885000", "grossProfit": "-50885000", "ebit": "-61438000", "netIncome": "-61422000", "researchAndDevelopment": "50885000", "effectOfAccountingCharges": "None", "incomeBeforeTax": "-61422000", "minorityInterest": "None", "sellingGeneralAdministrative": "10553000", "otherNonOperatingIncome": "None", "operatingIncome": "-61438000", "otherOperatingExpense": "None", "interestExpense": "-1731000", "taxProvision": "None", "interestIncome": "16000", "netInterestIncome": "None", "extraordinaryItems": "None", "nonRecurring": "None", "otherItems": "None", "incomeTaxExpense": "0", "totalOtherIncomeExpense": "16000", "discontinuedOperations": "None", "netIncomeFromContinuingOperations": "-61422000", "netIncomeApplicableToCommonShares": "-61422000", "preferredStockAndOtherAdjustments": "None"}], "quarterlyReports": [{"fiscalDateEnding": "2020-06-30", "reportedCurrency": "USD", "totalRevenue": "22377000", "totalOperatingExpense": "73468000", "costOfRevenue": "5046000", "grossProfit": "17331000", "ebit": "-49195000", "netIncome": "-49577000", "researchAndDevelopment": "29731000", "effectOfAccountingCharges": "None", "incomeBeforeTax": "-50182000", "minorityInterest": "None", "sellingGeneralAdministrative": "42139000", "otherNonOperatingIncome": "None", "operatingIncome": "-51091000", "otherOperatingExpense": "-3448000", "interestExpense": "None", "taxProvision": "-605000", "interestIncome": "None", "netInterestIncome": "None", "extraordinaryItems": "None", "nonRecurring": "None", "otherItems": "None", "incomeTaxExpense": "-605000", "totalOtherIncomeExpense": "909000", "discontinuedOperations": "None", "netIncomeFromContinuingOperations": "-49577000", "netIncomeApplicableToCommonShares": "-49577000", "preferredStockAndOtherAdjustments": "None"}, {"fiscalDateEnding": "2020-03-31", "reportedCurrency": "USD", "totalRevenue": "16074000", "totalOperatingExpense": "61333000", "costOfRevenue": "4783000", "grossProfit": "11291000", "ebit": "-43359000", "netIncome": "-42850000", "researchAndDevelopment": "17355000", "effectOfAccountingCharges": "None", "incomeBeforeTax": "-43618000", "minorityInterest": "None", "sellingGeneralAdministrative": "46246000", "otherNonOperatingIncome": "None", "operatingIncome": "-45259000", "otherOperatingExpense": "-7051000", "interestExpense": "None", "taxProvision": "-768000", "interestIncome": "1771000", "netInterestIncome": "None", "extraordinaryItems": "None", "nonRecurring": "None", "otherItems": "None", "incomeTaxExpense": "-768000", "totalOtherIncomeExpense": "1641000", "discontinuedOperations": "None", "netIncomeFromContinuingOperations": "-42850000", "netIncomeApplicableToCommonShares": "-42850000", "preferredStockAndOtherAdjustments": "None"}, {"fiscalDateEnding": "2019-12-31", "reportedCurrency": "USD", "totalRevenue": "277479000", "totalOperatingExpense": "194316000", "costOfRevenue": "5030000", "grossProfit": "272449000", "ebit": "89933000", "netIncome": "82406000", "researchAndDevelopment": "148165000", "effectOfAccountingCharges": "None", "incomeBeforeTax": "84047000", "minorityInterest": "None", "sellingGeneralAdministrative": "51434000", "otherNonOperatingIncome": "None", "operatingIncome": "83163000", "otherOperatingExpense": "-10313000", "interestExpense": "None", "taxProvision": "1641000", "interestIncome": "1223000", "netInterestIncome": "None", "extraordinaryItems": "None", "nonRecurring": "None", "otherItems": "None", "incomeTaxExpense": "1641000", "totalOtherIncomeExpense": "884000", "discontinuedOperations": "None", "netIncomeFromContinuingOperations": "82406000", "netIncomeApplicableToCommonShares": "68914000", "preferredStockAndOtherAdjustments": "None"}, {"fiscalDateEnding": "2019-09-30", "reportedCurrency": "USD", "totalRevenue": "20624000", "totalOperatingExpense": "53214000", "costOfRevenue": "2401000", "grossProfit": "18223000", "ebit": "-30685000", "netIncome": "-31498000", "researchAndDevelopment": "24797000", "effectOfAccountingCharges": "None", "incomeBeforeTax": "-31239000", "minorityInterest": "None", "sellingGeneralAdministrative": "34905000", "otherNonOperatingIncome": "None", "operatingIncome": "-32590000", "otherOperatingExpense": "-8889000", "interestExpense": "None", "taxProvision": "259000", "interestIncome": "1487000", "netInterestIncome": "None", "extraordinaryItems": "None", "nonRecurring": "None", "otherItems": "None", "incomeTaxExpense": "259000", "totalOtherIncomeExpense": "1351000", "discontinuedOperations": "None", "netIncomeFromContinuingOperations": "-31498000", "netIncomeApplicableToCommonShares": "-31498000", "preferredStockAndOtherAdjustments": "None"}, {"fiscalDateEnding": "2019-06-30", "reportedCurrency": "USD", "totalRevenue": "26623000", "totalOperatingExpense": "65329000", "costOfRevenue": "5783000", "grossProfit": "20840000", "ebit": "-36550000", "netIncome": "-37323000", "researchAndDevelopment": "20271000", "effectOfAccountingCharges": "None", "incomeBeforeTax": "-37163000", "minorityInterest": "None", "sellingGeneralAdministrative": "50740000", "otherNonOperatingIncome": "None", "operatingIncome": "-38706000", "otherOperatingExpense": "-11465000", "interestExpense": "None", "taxProvision": "160000", "interestIncome": "1571000", "netInterestIncome": "None", "extraordinaryItems": "None", "nonRecurring": "None", "otherItems": "None", "incomeTaxExpense": "160000", "totalOtherIncomeExpense": "1543000", "discontinuedOperations": "None", "netIncomeFromContinuingOperations": "-37323000", "netIncomeApplicableToCommonShares": "-37323000", "preferredStockAndOtherAdjustments": "None"}, {"fiscalDateEnding": "2019-03-31", "reportedCurrency": "USD", "totalRevenue": "163816000", "totalOperatingExpense": "137609000", "costOfRevenue": "2444000", "grossProfit": "161372000", "ebit": "27860000", "netIncome": "27187000", "researchAndDevelopment": "99619000", "effectOfAccountingCharges": "None", "incomeBeforeTax": "27319000", "minorityInterest": "None", "sellingGeneralAdministrative": "44602000", "otherNonOperatingIncome": "None", "operatingIncome": "26207000", "otherOperatingExpense": "-9056000", "interestExpense": "None", "taxProvision": "132000", "interestIncome": "1224000", "netInterestIncome": "None", "extraordinaryItems": "None", "nonRecurring": "None", "otherItems": "None", "incomeTaxExpense": "132000", "totalOtherIncomeExpense": "1112000", "discontinuedOperations": "None", "netIncomeFromContinuingOperations": "27187000", "netIncomeApplicableToCommonShares": "27187000", "preferredStockAndOtherAdjustments": "None"}, {"fiscalDateEnding": "2018-12-31", "reportedCurrency": "USD", "totalRevenue": "10197000", "totalOperatingExpense": "82405000", "costOfRevenue": "34343000", "grossProfit": "-24146000", "ebit": "-72208000", "netIncome": "-70557000", "researchAndDevelopment": "24797000", "effectOfAccountingCharges": "0", "incomeBeforeTax": "-70557000", "minorityInterest": "0", "sellingGeneralAdministrative": "46050000", "otherNonOperatingIncome": "None", "operatingIncome": "-72208000", "otherOperatingExpense": "-9056000", "interestExpense": "0", "taxProvision": "None", "interestIncome": "None", "netInterestIncome": "None", "extraordinaryItems": "0", "nonRecurring": "0", "otherItems": "0", "incomeTaxExpense": "214000", "totalOtherIncomeExpense": "1651000", "discontinuedOperations": "0", "netIncomeFromContinuingOperations": "-70557000", "netIncomeApplicableToCommonShares": "-78349000", "preferredStockAndOtherAdjustments": "None"}, {"fiscalDateEnding": "2018-09-30", "reportedCurrency": "USD", "totalRevenue": "19241000", "totalOperatingExpense": "81951000", "costOfRevenue": "37088000", "grossProfit": "-17847000", "ebit": "-62710000", "netIncome": "-63591000", "researchAndDevelopment": "20271000", "effectOfAccountingCharges": "0", "incomeBeforeTax": "-63358000", "minorityInterest": "0", "sellingGeneralAdministrative": "44162000", "otherNonOperatingIncome": "None", "operatingIncome": "-62710000", "otherOperatingExpense": "-9056000", "interestExpense": "0", "taxProvision": "None", "interestIncome": "None", "netInterestIncome": "None", "extraordinaryItems": "0", "nonRecurring": "0", "otherItems": "0", "incomeTaxExpense": "233000", "totalOtherIncomeExpense": "-648000", "discontinuedOperations": "0", "netIncomeFromContinuingOperations": "-63591000", "netIncomeApplicableToCommonShares": "-63591000", "preferredStockAndOtherAdjustments": "None"}, {"fiscalDateEnding": "2018-06-30", "reportedCurrency": "USD", "totalRevenue": "18321000", "totalOperatingExpense": "81744000", "costOfRevenue": "39457000", "grossProfit": "-21136000", "ebit": "-63423000", "netIncome": "-62046000", "researchAndDevelopment": "99619000", "effectOfAccountingCharges": "0", "incomeBeforeTax": "-61832000", "minorityInterest": "0", "sellingGeneralAdministrative": "42287000", "otherNonOperatingIncome": "None", "operatingIncome": "-63423000", "otherOperatingExpense": "-9056000", "interestExpense": "0", "taxProvision": "None", "interestIncome": "None", "netInterestIncome": "None", "extraordinaryItems": "0", "nonRecurring": "0", "otherItems": "0", "incomeTaxExpense": "214000", "totalOtherIncomeExpense": "1591000", "discontinuedOperations": "0", "netIncomeFromContinuingOperations": "-62046000", "netIncomeApplicableToCommonShares": "-62046000", "preferredStockAndOtherAdjustments": "None"}, {"fiscalDateEnding": "2018-03-31", "reportedCurrency": "USD", "totalRevenue": "17108000", "totalOperatingExpense": "47435000", "costOfRevenue": "27970000", "grossProfit": "-10862000", "ebit": "-30327000", "netIncome": "-29627000", "researchAndDevelopment": "27970000", "effectOfAccountingCharges": "0", "incomeBeforeTax": "-29627000", "minorityInterest": "0", "sellingGeneralAdministrative": "19465000", "otherNonOperatingIncome": "None", "operatingIncome": "-30327000", "otherOperatingExpense": "0", "interestExpense": "0", "taxProvision": "None", "interestIncome": "None", "netInterestIncome": "None", "extraordinaryItems": "0", "nonRecurring": "0", "otherItems": "0", "incomeTaxExpense": "0", "totalOtherIncomeExpense": "700000", "discontinuedOperations": "0", "netIncomeFromContinuingOperations": "-29627000", "netIncomeApplicableToCommonShares": "-29627000", "preferredStockAndOtherAdjustments": "None"}, {"fiscalDateEnding": "2017-12-31", "reportedCurrency": "USD", "totalRevenue": "18036000", "totalOperatingExpense": "188660000", "costOfRevenue": "42930000", "grossProfit": "-83489000", "ebit": "-70642000", "netIncome": "-174046000", "researchAndDevelopment": "25969000", "effectOfAccountingCharges": "0", "incomeBeforeTax": "-35960000", "minorityInterest": "0", "sellingGeneralAdministrative": "36981000", "otherNonOperatingIncome": "None", "operatingIncome": "-141967000", "otherOperatingExpense": "0", "interestExpense": "-1955000", "taxProvision": "None", "interestIncome": "None", "netInterestIncome": "None", "extraordinaryItems": "0", "nonRecurring": "0", "otherItems": "0", "incomeTaxExpense": "-791000", "totalOtherIncomeExpense": "186000", "discontinuedOperations": "0", "netIncomeFromContinuingOperations": "-70998000", "netIncomeApplicableToCommonShares": "32721000", "preferredStockAndOtherAdjustments": "None"}, {"fiscalDateEnding": "2017-09-30", "reportedCurrency": "USD", "totalRevenue": "9905000", "totalOperatingExpense": "-50190000", "costOfRevenue": "25957000", "grossProfit": "9597000", "ebit": "-158178000", "netIncome": "64430000", "researchAndDevelopment": "17639000", "effectOfAccountingCharges": "0", "incomeBeforeTax": "-144677000", "minorityInterest": "0", "sellingGeneralAdministrative": "4676000", "otherNonOperatingIncome": "None", "operatingIncome": "32771000", "otherOperatingExpense": "0", "interestExpense": "224000", "taxProvision": "None", "interestIncome": "None", "netInterestIncome": "None", "extraordinaryItems": "0", "nonRecurring": "0", "otherItems": "0", "incomeTaxExpense": "2066000", "totalOtherIncomeExpense": "61000", "discontinuedOperations": "0", "netIncomeFromContinuingOperations": "-159324000", "netIncomeApplicableToCommonShares": "-272188000", "preferredStockAndOtherAdjustments": "None"}, {"fiscalDateEnding": "2017-06-30", "reportedCurrency": "USD", "totalRevenue": "5713000", "totalOperatingExpense": "25401000", "costOfRevenue": "25345000", "grossProfit": "-19194000", "ebit": "168162000", "netIncome": "48410000", "researchAndDevelopment": "18488000", "effectOfAccountingCharges": "0", "incomeBeforeTax": "120706000", "minorityInterest": "0", "sellingGeneralAdministrative": "-9352000", "otherNonOperatingIncome": "None", "operatingIncome": "48599000", "otherOperatingExpense": "0", "interestExpense": "966000", "taxProvision": "None", "interestIncome": "None", "netInterestIncome": "None", "extraordinaryItems": "0", "nonRecurring": "0", "otherItems": "0", "incomeTaxExpense": "0", "totalOtherIncomeExpense": "-122000", "discontinuedOperations": "0", "netIncomeFromContinuingOperations": "169116000", "netIncomeApplicableToCommonShares": "206646000", "preferredStockAndOtherAdjustments": "None"}, {"fiscalDateEnding": "2017-03-31", "reportedCurrency": "USD", "totalRevenue": "6094000", "totalOperatingExpense": "0", "costOfRevenue": "69411000", "grossProfit": "9597000", "ebit": "-59812000", "netIncome": "-60353000", "researchAndDevelopment": "64794000", "effectOfAccountingCharges": "0", "incomeBeforeTax": "-60353000", "minorityInterest": "0", "sellingGeneralAdministrative": "4676000", "otherNonOperatingIncome": "None", "operatingIncome": "-59873000", "otherOperatingExpense": "0", "interestExpense": "541000", "taxProvision": "None", "interestIncome": "None", "netInterestIncome": "None", "extraordinaryItems": "0", "nonRecurring": "0", "otherItems": "0", "incomeTaxExpense": "0", "totalOtherIncomeExpense": "61000", "discontinuedOperations": "0", "netIncomeFromContinuingOperations": "-60353000", "netIncomeApplicableToCommonShares": "-60353000", "preferredStockAndOtherAdjustments": "None"}, {"fiscalDateEnding": "2016-12-31", "reportedCurrency": "USD", "totalRevenue": "0", "totalOperatingExpense": "83512000", "costOfRevenue": "68459000", "grossProfit": "-68459000", "ebit": "-83512000", "netIncome": "-83217000", "researchAndDevelopment": "28713000", "effectOfAccountingCharges": "0", "incomeBeforeTax": "-83217000", "minorityInterest": "0", "sellingGeneralAdministrative": "33818000", "otherNonOperatingIncome": "None", "operatingIncome": "-83512000", "otherOperatingExpense": "0", "interestExpense": "-1731000", "taxProvision": "None", "interestIncome": "None", "netInterestIncome": "None", "extraordinaryItems": "0", "nonRecurring": "0", "otherItems": "0", "incomeTaxExpense": "0", "totalOtherIncomeExpense": "295000", "discontinuedOperations": "0", "netIncomeFromContinuingOperations": "-83217000", "netIncomeApplicableToCommonShares": "-83217000", "preferredStockAndOtherAdjustments": "None"}, {"fiscalDateEnding": "2016-09-30", "reportedCurrency": "USD", "totalRevenue": "0", "totalOperatingExpense": "0", "costOfRevenue": "0", "grossProfit": "0", "ebit": "0", "netIncome": "0", "researchAndDevelopment": "17012000", "effectOfAccountingCharges": "0", "incomeBeforeTax": "0", "minorityInterest": "0", "sellingGeneralAdministrative": "19877000", "otherNonOperatingIncome": "None", "operatingIncome": "0", "otherOperatingExpense": "0", "interestExpense": "0", "taxProvision": "None", "interestIncome": "None", "netInterestIncome": "None", "extraordinaryItems": "0", "nonRecurring": "0", "otherItems": "0", "incomeTaxExpense": "0", "totalOtherIncomeExpense": "0", "discontinuedOperations": "0", "netIncomeFromContinuingOperations": "0", "netIncomeApplicableToCommonShares": "0", "preferredStockAndOtherAdjustments": "None"}, {"fiscalDateEnding": "2016-06-30", "reportedCurrency": "USD", "totalRevenue": "0", "totalOperatingExpense": "0", "costOfRevenue": "0", "grossProfit": "0", "ebit": "0", "netIncome": "0", "researchAndDevelopment": "10944000", "effectOfAccountingCharges": "0", "incomeBeforeTax": "0", "minorityInterest": "0", "sellingGeneralAdministrative": "13679000", "otherNonOperatingIncome": "None", "operatingIncome": "0", "otherOperatingExpense": "0", "interestExpense": "0", "taxProvision": "None", "interestIncome": "None", "netInterestIncome": "None", "extraordinaryItems": "0", "nonRecurring": "0", "otherItems": "0", "incomeTaxExpense": "0", "totalOtherIncomeExpense": "0", "discontinuedOperations": "0", "netIncomeFromContinuingOperations": "0", "netIncomeApplicableToCommonShares": "0", "preferredStockAndOtherAdjustments": "None"}, {"fiscalDateEnding": "2016-03-31", "reportedCurrency": "USD", "totalRevenue": "0", "totalOperatingExpense": "0", "costOfRevenue": "0", "grossProfit": "0", "ebit": "0", "netIncome": "0", "researchAndDevelopment": "11790000", "effectOfAccountingCharges": "0", "incomeBeforeTax": "0", "minorityInterest": "0", "sellingGeneralAdministrative": "16007000", "otherNonOperatingIncome": "None", "operatingIncome": "0", "otherOperatingExpense": "0", "interestExpense": "0", "taxProvision": "None", "interestIncome": "None", "netInterestIncome": "None", "extraordinaryItems": "0", "nonRecurring": "0", "otherItems": "0", "incomeTaxExpense": "0", "totalOtherIncomeExpense": "0", "discontinuedOperations": "0", "netIncomeFromContinuingOperations": "0", "netIncomeApplicableToCommonShares": "0", "preferredStockAndOtherAdjustments": "None"}, {"fiscalDateEnding": "2015-12-31", "reportedCurrency": "USD", "totalRevenue": "0", "totalOperatingExpense": "61438000", "costOfRevenue": "50885000", "grossProfit": "-50885000", "ebit": "-61438000", "netIncome": "-61422000", "researchAndDevelopment": "50885000", "effectOfAccountingCharges": "0", "incomeBeforeTax": "-61422000", "minorityInterest": "0", "sellingGeneralAdministrative": "61319000", "otherNonOperatingIncome": "None", "operatingIncome": "-61438000", "otherOperatingExpense": "0", "interestExpense": "-1731000", "taxProvision": "None", "interestIncome": "None", "netInterestIncome": "None", "extraordinaryItems": "0", "nonRecurring": "0", "otherItems": "0", "incomeTaxExpense": "0", "totalOtherIncomeExpense": "16000", "discontinuedOperations": "0", "netIncomeFromContinuingOperations": "-61422000", "netIncomeApplicableToCommonShares": "-61422000", "preferredStockAndOtherAdjustments": "None"}, {"fiscalDateEnding": "2015-09-30", "reportedCurrency": "USD", "totalRevenue": "0", "totalOperatingExpense": "0", "costOfRevenue": "0", "grossProfit": "0", "ebit": "0", "netIncome": "0", "researchAndDevelopment": "0", "effectOfAccountingCharges": "0", "incomeBeforeTax": "0", "minorityInterest": "0", "sellingGeneralAdministrative": "0", "otherNonOperatingIncome": "None", "operatingIncome": "0", "otherOperatingExpense": "0", "interestExpense": "0", "taxProvision": "None", "interestIncome": "None", "netInterestIncome": "None", "extraordinaryItems": "0", "nonRecurring": "0", "otherItems": "0", "incomeTaxExpense": "0", "totalOtherIncomeExpense": "0", "discontinuedOperations": "0", "netIncomeFromContinuingOperations": "0", "netIncomeApplicableToCommonShares": "0", "preferredStockAndOtherAdjustments": "None"}, {"fiscalDateEnding": "2015-06-30", "reportedCurrency": "USD", "totalRevenue": "0", "totalOperatingExpense": "0", "costOfRevenue": "0", "grossProfit": "0", "ebit": "0", "netIncome": "0", "researchAndDevelopment": "0", "effectOfAccountingCharges": "0", "incomeBeforeTax": "0", "minorityInterest": "0", "sellingGeneralAdministrative": "0", "otherNonOperatingIncome": "None", "operatingIncome": "0", "otherOperatingExpense": "0", "interestExpense": "0", "taxProvision": "None", "interestIncome": "None", "netInterestIncome": "None", "extraordinaryItems": "0", "nonRecurring": "0", "otherItems": "0", "incomeTaxExpense": "0", "totalOtherIncomeExpense": "0", "discontinuedOperations": "0", "netIncomeFromContinuingOperations": "0", "netIncomeApplicableToCommonShares": "0", "preferredStockAndOtherAdjustments": "None"}]}