{"symbol": "AKO-A", "annualReports": [{"fiscalDateEnding": "2019-12-31", "reportedCurrency": "CLP", "totalRevenue": "1779025115000", "totalOperatingExpense": "1545600838000", "costOfRevenue": "1048343767000", "grossProfit": "730681348000", "ebit": "275903822000", "netIncome": "173721928000", "researchAndDevelopment": "0", "effectOfAccountingCharges": "0", "incomeBeforeTax": "236413116000", "minorityInterest": "20254258000", "sellingGeneralAdministrative": "492900098000", "otherNonOperatingIncome": "0", "operatingIncome": "233424277000", "otherOperatingExpense": "23204653000", "interestExpense": "39490706000", "taxProvision": "61166891000", "interestIncome": "3249550000", "netInterestIncome": "-1080448000", "extraordinaryItems": "0", "nonRecurring": "0", "otherItems": "0", "incomeTaxExpense": "61166891000", "totalOtherIncomeExpense": "4069287000", "discontinuedOperations": "0", "netIncomeFromContinuingOperations": "175246225000", "netIncomeApplicableToCommonShares": "173721928000", "preferredStockAndOtherAdjustments": "0"}, {"fiscalDateEnding": "2018-12-31", "reportedCurrency": "CLP", "totalRevenue": "1672915799000", "totalOperatingExpense": "1451967423000", "costOfRevenue": "968027774000", "grossProfit": "704888025000", "ebit": "208030261000", "netIncome": "96603371000", "researchAndDevelopment": "0", "effectOfAccountingCharges": "0", "incomeBeforeTax": "153015601000", "minorityInterest": "19901617000", "sellingGeneralAdministrative": "479518337000", "otherNonOperatingIncome": "0", "operatingIncome": "220948376000", "otherOperatingExpense": "15795397000", "interestExpense": "55014660000", "taxProvision": "55564855000", "interestIncome": "3940244000", "netInterestIncome": "-51074416000", "extraordinaryItems": "0", "nonRecurring": "0", "otherItems": "0", "incomeTaxExpense": "55564855000", "totalOtherIncomeExpense": "-16858359000", "discontinuedOperations": "0", "netIncomeFromContinuingOperations": "97450746000", "netIncomeApplicableToCommonShares": "96603371000", "preferredStockAndOtherAdjustments": "0"}, {"fiscalDateEnding": "2017-12-31", "reportedCurrency": "CLP", "totalRevenue": "1848878619000", "totalOperatingExpense": "1617821394000", "costOfRevenue": "1069024964000", "grossProfit": "779853655000", "ebit": "226018728000", "netIncome": "117835790000", "researchAndDevelopment": "0", "effectOfAccountingCharges": "0", "incomeBeforeTax": "170798359000", "minorityInterest": "21923293000", "sellingGeneralAdministrative": "541127196000", "otherNonOperatingIncome": "0", "operatingIncome": "231057225000", "otherOperatingExpense": "13675974000", "interestExpense": "55220369000", "taxProvision": "51797634000", "interestIncome": "11194375000", "netInterestIncome": "-44025994000", "extraordinaryItems": "0", "nonRecurring": "0", "otherItems": "0", "incomeTaxExpense": "51797634000", "totalOtherIncomeExpense": "-16232872000", "discontinuedOperations": "0", "netIncomeFromContinuingOperations": "119000725000", "netIncomeApplicableToCommonShares": "117835790000", "preferredStockAndOtherAdjustments": "0"}, {"fiscalDateEnding": "2016-12-31", "reportedCurrency": "CLP", "totalRevenue": "1777459320000", "totalOperatingExpense": "1569761938000", "costOfRevenue": "1033910027000", "grossProfit": "743549293000", "ebit": "192231175000", "netIncome": "90525991000", "researchAndDevelopment": "0", "effectOfAccountingCharges": "0", "incomeBeforeTax": "140856204000", "minorityInterest": "21564445000", "sellingGeneralAdministrative": "529879690000", "otherNonOperatingIncome": "0", "operatingIncome": "207697382000", "otherOperatingExpense": "17964889000", "interestExpense": "51374971000", "taxProvision": "48807093000", "interestIncome": "9661692000", "netInterestIncome": "-41713279000", "extraordinaryItems": "0", "nonRecurring": "0", "otherItems": "0", "incomeTaxExpense": "48807093000", "totalOtherIncomeExpense": "-25127899000", "discontinuedOperations": "0", "netIncomeFromContinuingOperations": "92049111000", "netIncomeApplicableToCommonShares": "90525991000", "preferredStockAndOtherAdjustments": "0"}, {"fiscalDateEnding": "2015-12-31", "reportedCurrency": "USD", "totalRevenue": "2649441512.84", "totalOperatingExpense": "2370591642.68", "costOfRevenue": "1561820697.15", "grossProfit": "1087620815.69", "ebit": "278849870.17", "netIncome": "123995884.84", "researchAndDevelopment": "0", "effectOfAccountingCharges": "0", "incomeBeforeTax": "183094112.33", "minorityInterest": "29721232.01", "sellingGeneralAdministrative": "783363869.60", "otherNonOperatingIncome": "0", "operatingIncome": "278849870.17", "otherOperatingExpense": "25407075.92", "interestExpense": "-78562259.38", "taxProvision": "None", "interestIncome": "None", "netInterestIncome": "None", "extraordinaryItems": "0", "nonRecurring": "0", "otherItems": "0", "incomeTaxExpense": "58767375.11", "totalOtherIncomeExpense": "-95755757.83", "discontinuedOperations": "0", "netIncomeFromContinuingOperations": "124326737.23", "netIncomeApplicableToCommonShares": "123995884.84", "preferredStockAndOtherAdjustments": "0"}], "quarterlyReports": [{"fiscalDateEnding": "2020-06-30", "reportedCurrency": "CLP", "totalRevenue": "312303124000", "totalOperatingExpense": "296738237000", "costOfRevenue": "197117673000", "grossProfit": "115185451000", "ebit": "12618139000", "netIncome": "1302415000", "researchAndDevelopment": "None", "effectOfAccountingCharges": "None", "incomeBeforeTax": "2778792000", "minorityInterest": "21011015000", "sellingGeneralAdministrative": "98945474000", "otherNonOperatingIncome": "None", "operatingIncome": "15564887000", "otherOperatingExpense": "6735922000", "interestExpense": "9839347000", "taxProvision": "2198708000", "interestIncome": "1240748000", "netInterestIncome": "-4547476000", "extraordinaryItems": "None", "nonRecurring": "None", "otherItems": "None", "incomeTaxExpense": "2198708000", "totalOtherIncomeExpense": "-8238619000", "discontinuedOperations": "None", "netIncomeFromContinuingOperations": "580084000", "netIncomeApplicableToCommonShares": "1302415000", "preferredStockAndOtherAdjustments": "None"}, {"fiscalDateEnding": "2020-03-31", "reportedCurrency": "CLP", "totalRevenue": "504614612000", "totalOperatingExpense": "429925052000", "costOfRevenue": "292631142000", "grossProfit": "211983470000", "ebit": "67582703000", "netIncome": "47990518000", "researchAndDevelopment": "None", "effectOfAccountingCharges": "None", "incomeBeforeTax": "56611229000", "minorityInterest": "21905621000", "sellingGeneralAdministrative": "136026910000", "otherNonOperatingIncome": "None", "operatingIncome": "74689560000", "otherOperatingExpense": "3542039000", "interestExpense": "10971474000", "taxProvision": "7622492000", "interestIncome": "1599965000", "netInterestIncome": "-10282316000", "extraordinaryItems": "None", "nonRecurring": "None", "otherItems": "None", "incomeTaxExpense": "7228643000", "totalOtherIncomeExpense": "-7796015000", "discontinuedOperations": "None", "netIncomeFromContinuingOperations": "48988737000", "netIncomeApplicableToCommonShares": "47494186000", "preferredStockAndOtherAdjustments": "None"}, {"fiscalDateEnding": "2019-12-31", "reportedCurrency": "CLP", "totalRevenue": "553733382000", "totalOperatingExpense": "458975080000", "costOfRevenue": "314879702000", "grossProfit": "238853680000", "ebit": "143175858000", "netIncome": "90386377000", "researchAndDevelopment": "0", "effectOfAccountingCharges": "0", "incomeBeforeTax": "133321401000", "minorityInterest": "20254258000", "sellingGeneralAdministrative": "142574078000", "otherNonOperatingIncome": "0", "operatingIncome": "94758302000", "otherOperatingExpense": "18659714000", "interestExpense": "9854457000", "taxProvision": "41868632000", "interestIncome": "900629000", "netInterestIncome": "28113534000", "extraordinaryItems": "0", "nonRecurring": "0", "otherItems": "0", "incomeTaxExpense": "41868632000", "totalOtherIncomeExpense": "10449565000", "discontinuedOperations": "0", "netIncomeFromContinuingOperations": "91452769000", "netIncomeApplicableToCommonShares": "90386377000", "preferredStockAndOtherAdjustments": "0"}, {"fiscalDateEnding": "2019-09-30", "reportedCurrency": "CLP", "totalRevenue": "406392750000", "totalOperatingExpense": "368371500000", "costOfRevenue": "248264915000", "grossProfit": "158127835000", "ebit": "36688886000", "netIncome": "25320331000", "researchAndDevelopment": "0", "effectOfAccountingCharges": "0", "incomeBeforeTax": "26876249000", "minorityInterest": "19710161000", "sellingGeneralAdministrative": "119215820000", "otherNonOperatingIncome": "0", "operatingIncome": "38021250000", "otherOperatingExpense": "2819365000", "interestExpense": "9812637000", "taxProvision": "1461970000", "interestIncome": "838614000", "netInterestIncome": "-9716271000", "extraordinaryItems": "0", "nonRecurring": "0", "otherItems": "0", "incomeTaxExpense": "1461970000", "totalOtherIncomeExpense": "-1428730000", "discontinuedOperations": "0", "netIncomeFromContinuingOperations": "25414279000", "netIncomeApplicableToCommonShares": "25320331000", "preferredStockAndOtherAdjustments": "0"}, {"fiscalDateEnding": "2019-06-30", "reportedCurrency": "CLP", "totalRevenue": "379717932000", "totalOperatingExpense": "344390610000", "costOfRevenue": "228330444000", "grossProfit": "151387488000", "ebit": "33907954000", "netIncome": "15199739000", "researchAndDevelopment": "0", "effectOfAccountingCharges": "0", "incomeBeforeTax": "22861802000", "minorityInterest": "19453233000", "sellingGeneralAdministrative": "116238763000", "otherNonOperatingIncome": "0", "operatingIncome": "35327322000", "otherOperatingExpense": "-714701000", "interestExpense": "11046152000", "taxProvision": "7829534000", "interestIncome": "1489405000", "netInterestIncome": "-9556747000", "extraordinaryItems": "0", "nonRecurring": "0", "otherItems": "0", "incomeTaxExpense": "7915402000", "totalOtherIncomeExpense": "-2908773000", "discontinuedOperations": "0", "netIncomeFromContinuingOperations": "15032268000", "netIncomeApplicableToCommonShares": "11596930000", "preferredStockAndOtherAdjustments": "0"}, {"fiscalDateEnding": "2019-03-31", "reportedCurrency": "CLP", "totalRevenue": "447262807000", "totalOperatingExpense": "380627958000", "costOfRevenue": "261430816000", "grossProfit": "185831991000", "ebit": "67636757000", "netIncome": "46114636000", "researchAndDevelopment": "0", "effectOfAccountingCharges": "0", "incomeBeforeTax": "56610970000", "minorityInterest": "20117167000", "sellingGeneralAdministrative": "118073965000", "otherNonOperatingIncome": "0", "operatingIncome": "66634849000", "otherOperatingExpense": "2440275000", "interestExpense": "11025787000", "taxProvision": "9959916000", "interestIncome": "1034336000", "netInterestIncome": "-9991451000", "extraordinaryItems": "0", "nonRecurring": "0", "otherItems": "0", "incomeTaxExpense": "9920887000", "totalOtherIncomeExpense": "-32428000", "discontinuedOperations": "0", "netIncomeFromContinuingOperations": "46651054000", "netIncomeApplicableToCommonShares": "46418290000", "preferredStockAndOtherAdjustments": "0"}, {"fiscalDateEnding": "2018-12-31", "reportedCurrency": "USD", "totalRevenue": "798345541.79", "totalOperatingExpense": "677368074.93", "costOfRevenue": "448547952.45", "grossProfit": "349797589.34", "ebit": "120977466.86", "netIncome": "63861208.93", "researchAndDevelopment": "0", "effectOfAccountingCharges": "0", "incomeBeforeTax": "93219255.04", "minorityInterest": "28676681.56", "sellingGeneralAdministrative": "222370559.08", "otherNonOperatingIncome": "0", "operatingIncome": "120977466.86", "otherOperatingExpense": "6449563.40", "interestExpense": "-15661759.37", "taxProvision": "None", "interestIncome": "None", "netInterestIncome": "None", "extraordinaryItems": "0", "nonRecurring": "0", "otherItems": "0", "incomeTaxExpense": "28537099.42", "totalOtherIncomeExpense": "-27758211.82", "discontinuedOperations": "0", "netIncomeFromContinuingOperations": "64682155.62", "netIncomeApplicableToCommonShares": "63861208.93", "preferredStockAndOtherAdjustments": "0"}, {"fiscalDateEnding": "2018-09-30", "reportedCurrency": "USD", "totalRevenue": "523807328.53", "totalOperatingExpense": "475333621.23", "costOfRevenue": "312566113.89", "grossProfit": "211241214.64", "ebit": "48473707.30", "netIncome": "16401703.11", "researchAndDevelopment": "0", "effectOfAccountingCharges": "0", "incomeBeforeTax": "29420312.84", "minorityInterest": "30311336.61", "sellingGeneralAdministrative": "158148751.89", "otherNonOperatingIncome": "0", "operatingIncome": "48473707.30", "otherOperatingExpense": "4618755.46", "interestExpense": "-14280100.79", "taxProvision": "None", "interestIncome": "None", "netInterestIncome": "None", "extraordinaryItems": "0", "nonRecurring": "0", "otherItems": "0", "incomeTaxExpense": "13250123.33", "totalOtherIncomeExpense": "-19053394.46", "discontinuedOperations": "0", "netIncomeFromContinuingOperations": "16170189.51", "netIncomeApplicableToCommonShares": "16401703.11", "preferredStockAndOtherAdjustments": "0"}, {"fiscalDateEnding": "2018-06-30", "reportedCurrency": "USD", "totalRevenue": "452890428.81", "totalOperatingExpense": "1.50", "costOfRevenue": "281338426.92", "grossProfit": "171552001.89", "ebit": "25800238.69", "netIncome": "-5569835.27", "researchAndDevelopment": "0", "effectOfAccountingCharges": "0", "incomeBeforeTax": "9847493.37", "minorityInterest": "31521536.13", "sellingGeneralAdministrative": "137490214.44", "otherNonOperatingIncome": "0", "operatingIncome": "25800238.69", "otherOperatingExpense": "8261548.75", "interestExpense": "-15930893.72", "taxProvision": "None", "interestIncome": "None", "netInterestIncome": "None", "extraordinaryItems": "0", "nonRecurring": "0", "otherItems": "0", "incomeTaxExpense": "15646725.60", "totalOtherIncomeExpense": "-15952745.32", "discontinuedOperations": "0", "netIncomeFromContinuingOperations": "-5799232.24", "netIncomeApplicableToCommonShares": "-5569835.27", "preferredStockAndOtherAdjustments": "0"}, {"fiscalDateEnding": "2018-03-31", "reportedCurrency": "USD", "totalRevenue": "786226983.98", "totalOperatingExpense": "659490889.42", "costOfRevenue": "439077038.09", "grossProfit": "347149945.89", "ebit": "126736094.57", "netIncome": "74579609.61", "researchAndDevelopment": "0", "effectOfAccountingCharges": "0", "incomeBeforeTax": "103194767.75", "minorityInterest": "37117318.29", "sellingGeneralAdministrative": "215717696.62", "otherNonOperatingIncome": "None", "operatingIncome": "126736094.57", "otherOperatingExpense": "4696154.70", "interestExpense": "-17163214.02", "taxProvision": "None", "interestIncome": "None", "netInterestIncome": "None", "extraordinaryItems": "0", "nonRecurring": "0", "otherItems": "0", "incomeTaxExpense": "27655205.40", "totalOtherIncomeExpense": "-23541326.81", "discontinuedOperations": "0", "netIncomeFromContinuingOperations": "75539562.35", "netIncomeApplicableToCommonShares": "74579609.61", "preferredStockAndOtherAdjustments": "None"}, {"fiscalDateEnding": "2017-12-31", "reportedCurrency": "USD", "totalRevenue": "2169124080.27", "totalOperatingExpense": "1932080604.48", "costOfRevenue": "1270026163.47", "grossProfit": "899097916.80", "ebit": "237043475.79", "netIncome": "102890908.35", "researchAndDevelopment": "0", "effectOfAccountingCharges": "0", "incomeBeforeTax": "156328446.54", "minorityInterest": "-259215.14", "sellingGeneralAdministrative": "653143220.67", "otherNonOperatingIncome": "None", "operatingIncome": "237043475.79", "otherOperatingExpense": "8911220.34", "interestExpense": "-57679514.14", "taxProvision": "None", "interestIncome": "None", "netInterestIncome": "None", "extraordinaryItems": "0", "nonRecurring": "0", "otherItems": "0", "incomeTaxExpense": "53141680.21", "totalOtherIncomeExpense": "-80715029.25", "discontinuedOperations": "0", "netIncomeFromContinuingOperations": "103186766.33", "netIncomeApplicableToCommonShares": "102890908.35", "preferredStockAndOtherAdjustments": "None"}, {"fiscalDateEnding": "2017-09-30", "reportedCurrency": "USD", "totalRevenue": "1740162152.73", "totalOperatingExpense": "1421071664.64", "costOfRevenue": "955263669.03", "grossProfit": "784898483.70", "ebit": "319090488.08", "netIncome": "204637996.01", "researchAndDevelopment": "0", "effectOfAccountingCharges": "0", "incomeBeforeTax": "286897254.69", "minorityInterest": "70078543.97", "sellingGeneralAdministrative": "457654948.53", "otherNonOperatingIncome": "None", "operatingIncome": "319090488.08", "otherOperatingExpense": "8153047.09", "interestExpense": "-38670487.30", "taxProvision": "None", "interestIncome": "None", "netInterestIncome": "None", "extraordinaryItems": "0", "nonRecurring": "0", "otherItems": "0", "incomeTaxExpense": "77884314.85", "totalOtherIncomeExpense": "-32193233.39", "discontinuedOperations": "0", "netIncomeFromContinuingOperations": "209012939.84", "netIncomeApplicableToCommonShares": "204637996.01", "preferredStockAndOtherAdjustments": "None"}, {"fiscalDateEnding": "2017-06-30", "reportedCurrency": "USD", "totalRevenue": "1652702201.10", "totalOperatingExpense": "-1359171939.93", "costOfRevenue": "-911111231.10", "grossProfit": "-741590970", "ebit": "-293530261.17", "netIncome": "-179108904.41", "researchAndDevelopment": "0", "effectOfAccountingCharges": "0", "incomeBeforeTax": "-257382243.81", "minorityInterest": "-67795764.74", "sellingGeneralAdministrative": "-441099084.82", "otherNonOperatingIncome": "None", "operatingIncome": "-293530261.17", "otherOperatingExpense": "-6961624.02", "interestExpense": "37238633.17", "taxProvision": "None", "interestIncome": "None", "netInterestIncome": "None", "extraordinaryItems": "0", "nonRecurring": "0", "otherItems": "0", "incomeTaxExpense": "-74303906.63", "totalOtherIncomeExpense": "36148017.36", "discontinuedOperations": "0", "netIncomeFromContinuingOperations": "-183078337.18", "netIncomeApplicableToCommonShares": "-179108904.41", "preferredStockAndOtherAdjustments": "None"}, {"fiscalDateEnding": "2017-03-31", "reportedCurrency": "USD", "totalRevenue": "501388019000", "totalOperatingExpense": "425481168000", "costOfRevenue": "283093378000", "grossProfit": "218294641000", "ebit": "75906851000", "netIncome": "42897936000", "researchAndDevelopment": "0", "effectOfAccountingCharges": "0", "incomeBeforeTax": "62477551000", "minorityInterest": "22398961000", "sellingGeneralAdministrative": "140151777000", "otherNonOperatingIncome": "None", "operatingIncome": "75906851000", "otherOperatingExpense": "2236013000", "interestExpense": "-12296302000", "taxProvision": "None", "interestIncome": "None", "netInterestIncome": "None", "extraordinaryItems": "0", "nonRecurring": "0", "otherItems": "0", "incomeTaxExpense": "18751881000", "totalOtherIncomeExpense": "-13429300000", "discontinuedOperations": "0", "netIncomeFromContinuingOperations": "43725670000", "netIncomeApplicableToCommonShares": "42897936000", "preferredStockAndOtherAdjustments": "None"}, {"fiscalDateEnding": "2016-12-31", "reportedCurrency": "USD", "totalRevenue": "519110939000", "totalOperatingExpense": "447460743000", "costOfRevenue": "297833427000", "grossProfit": "221277512000", "ebit": "71650196000", "netIncome": "36378735000", "researchAndDevelopment": "None", "effectOfAccountingCharges": "None", "incomeBeforeTax": "53727994000", "minorityInterest": "21564445000", "sellingGeneralAdministrative": "148623675000", "otherNonOperatingIncome": "None", "operatingIncome": "71650196000", "otherOperatingExpense": "1003641000", "interestExpense": "-11467168000", "taxProvision": "None", "interestIncome": "None", "netInterestIncome": "None", "extraordinaryItems": "None", "nonRecurring": "None", "otherItems": "None", "incomeTaxExpense": "16965839000", "totalOtherIncomeExpense": "-17922202000", "discontinuedOperations": "None", "netIncomeFromContinuingOperations": "36762155000", "netIncomeApplicableToCommonShares": "36378735000", "preferredStockAndOtherAdjustments": "None"}, {"fiscalDateEnding": "2016-09-30", "reportedCurrency": "USD", "totalRevenue": "422830450000", "totalOperatingExpense": "386133574000", "costOfRevenue": "249557313000", "grossProfit": "173273137000", "ebit": "36696876000", "netIncome": "15788351000", "researchAndDevelopment": "None", "effectOfAccountingCharges": "None", "incomeBeforeTax": "None", "minorityInterest": "None", "sellingGeneralAdministrative": "None", "otherNonOperatingIncome": "None", "operatingIncome": "36696876000", "otherOperatingExpense": "None", "interestExpense": "-11629221000", "taxProvision": "None", "interestIncome": "None", "netInterestIncome": "None", "extraordinaryItems": "None", "nonRecurring": "None", "otherItems": "None", "incomeTaxExpense": "6653756000", "totalOtherIncomeExpense": "None", "discontinuedOperations": "None", "netIncomeFromContinuingOperations": "None", "netIncomeApplicableToCommonShares": "None", "preferredStockAndOtherAdjustments": "None"}, {"fiscalDateEnding": "2016-06-30", "reportedCurrency": "USD", "totalRevenue": "376405000000", "totalOperatingExpense": "345341000000", "costOfRevenue": "221329000000", "grossProfit": "155076000000", "ebit": "31064000000", "netIncome": "5347000000", "researchAndDevelopment": "None", "effectOfAccountingCharges": "None", "incomeBeforeTax": "None", "minorityInterest": "None", "sellingGeneralAdministrative": "None", "otherNonOperatingIncome": "None", "operatingIncome": "31064000000", "otherOperatingExpense": "None", "interestExpense": "-11459000000", "taxProvision": "None", "interestIncome": "None", "netInterestIncome": "None", "extraordinaryItems": "None", "nonRecurring": "None", "otherItems": "None", "incomeTaxExpense": "7456000000", "totalOtherIncomeExpense": "None", "discontinuedOperations": "None", "netIncomeFromContinuingOperations": "None", "netIncomeApplicableToCommonShares": "None", "preferredStockAndOtherAdjustments": "None"}]}