{"symbol": "ALEX", "annualReports": [{"fiscalDateEnding": "2019-12-31", "reportedCurrency": "USD", "totalRevenue": "435200000", "totalOperatingExpense": "108600000", "costOfRevenue": "340900000", "grossProfit": "94300000", "ebit": "-9000000", "netIncome": "-36400000", "researchAndDevelopment": "None", "effectOfAccountingCharges": "None", "incomeBeforeTax": "-38900000", "minorityInterest": "-2000000", "sellingGeneralAdministrative": "58900000", "otherNonOperatingIncome": "5300000", "operatingIncome": "-14300000", "otherOperatingExpense": "None", "interestExpense": "33100000", "taxProvision": "-2000000", "interestIncome": "3000000", "netInterestIncome": "-30100000", "extraordinaryItems": "-1500000", "nonRecurring": "49700000", "otherItems": "None", "incomeTaxExpense": "-2000000", "totalOtherIncomeExpense": "-41100000", "discontinuedOperations": "-1500000", "netIncomeFromContinuingOperations": "-36900000", "netIncomeApplicableToCommonShares": "-36600000", "preferredStockAndOtherAdjustments": "None"}, {"fiscalDateEnding": "2018-12-31", "reportedCurrency": "USD", "totalRevenue": "644400000", "totalOperatingExpense": "-69600000", "costOfRevenue": "382400000", "grossProfit": "262000000", "ebit": "-20400000", "netIncome": "-72000000", "researchAndDevelopment": "0", "effectOfAccountingCharges": "None", "incomeBeforeTax": "-52900000", "minorityInterest": "2200000", "sellingGeneralAdministrative": "9800000", "otherNonOperatingIncome": "-193200000", "operatingIncome": "172800000", "otherOperatingExpense": "685800000", "interestExpense": "35300000", "taxProvision": "16300000", "interestIncome": "1500000", "netInterestIncome": "-33800000", "extraordinaryItems": "-600000", "nonRecurring": "-79400000", "otherItems": "None", "incomeTaxExpense": "16300000", "totalOtherIncomeExpense": "-219900000", "discontinuedOperations": "-600000", "netIncomeFromContinuingOperations": "-69200000", "netIncomeApplicableToCommonShares": "-72000000", "preferredStockAndOtherAdjustments": "None"}, {"fiscalDateEnding": "2017-12-31", "reportedCurrency": "USD", "totalRevenue": "425500000", "totalOperatingExpense": "104000000", "costOfRevenue": "302000000", "grossProfit": "123500000", "ebit": "33400000", "netIncome": "228300000", "researchAndDevelopment": "0", "effectOfAccountingCharges": "None", "incomeBeforeTax": "600000", "minorityInterest": "2200000", "sellingGeneralAdministrative": "66400000", "otherNonOperatingIncome": "13900000", "operatingIncome": "19500000", "otherOperatingExpense": "15200000", "interestExpense": "23500000", "taxProvision": "-218200000", "interestIncome": "5300000", "netInterestIncome": "-20300000", "extraordinaryItems": "-600000", "nonRecurring": "22400000", "otherItems": "None", "incomeTaxExpense": "-218200000", "totalOtherIncomeExpense": "-11700000", "discontinuedOperations": "2400000", "netIncomeFromContinuingOperations": "228100000", "netIncomeApplicableToCommonShares": "230100000", "preferredStockAndOtherAdjustments": "None"}, {"fiscalDateEnding": "2016-12-31", "reportedCurrency": "USD", "totalRevenue": "387500000", "totalOperatingExpense": "77400000", "costOfRevenue": "268500000", "grossProfit": "119000000", "ebit": "61600000", "netIncome": "-10200000", "researchAndDevelopment": "0", "effectOfAccountingCharges": "None", "incomeBeforeTax": "35300000", "minorityInterest": "1800000", "sellingGeneralAdministrative": "56200000", "otherNonOperatingIncome": "20000000", "operatingIncome": "41600000", "otherOperatingExpense": "9500000", "interestExpense": "26300000", "taxProvision": "2600000", "interestIncome": "2500000", "netInterestIncome": "-23800000", "extraordinaryItems": "-41100000", "nonRecurring": "11700000", "otherItems": "None", "incomeTaxExpense": "2600000", "totalOtherIncomeExpense": "5800000", "discontinuedOperations": "-41100000", "netIncomeFromContinuingOperations": "32700000", "netIncomeApplicableToCommonShares": "-10200000", "preferredStockAndOtherAdjustments": "None"}, {"fiscalDateEnding": "2015-12-31", "reportedCurrency": "USD", "totalRevenue": "570500000", "totalOperatingExpense": "55300000", "costOfRevenue": "476200000", "grossProfit": "94300000", "ebit": "74400000", "netIncome": "29600000", "researchAndDevelopment": "0", "effectOfAccountingCharges": "None", "incomeBeforeTax": "47600000", "minorityInterest": "1500000", "sellingGeneralAdministrative": "55300000", "otherNonOperatingIncome": "35400000", "operatingIncome": "39000000", "otherOperatingExpense": "9500000", "interestExpense": "26800000", "taxProvision": "36300000", "interestIncome": "11200000", "netInterestIncome": "None", "extraordinaryItems": "-29700000", "nonRecurring": "11700000", "otherItems": "None", "incomeTaxExpense": "16500000", "totalOtherIncomeExpense": "-29300000", "discontinuedOperations": "-29700000", "netIncomeFromContinuingOperations": "31100000", "netIncomeApplicableToCommonShares": "29600000", "preferredStockAndOtherAdjustments": "None"}], "quarterlyReports": [{"fiscalDateEnding": "2020-06-30", "reportedCurrency": "USD", "totalRevenue": "73900000", "totalOperatingExpense": "9000000", "costOfRevenue": "55100000", "grossProfit": "18800000", "ebit": "4100000", "netIncome": "-4700000", "researchAndDevelopment": "None", "effectOfAccountingCharges": "None", "incomeBeforeTax": "-4100000", "minorityInterest": "6200000", "sellingGeneralAdministrative": "9000000", "otherNonOperatingIncome": "-100000", "operatingIncome": "4200000", "otherOperatingExpense": "None", "interestExpense": "7800000", "taxProvision": "0", "interestIncome": "200000", "netInterestIncome": "-7600000", "extraordinaryItems": "None", "nonRecurring": "None", "otherItems": "None", "incomeTaxExpense": "None", "totalOtherIncomeExpense": "-6300000", "discontinuedOperations": "-600000", "netIncomeFromContinuingOperations": "-4100000", "netIncomeApplicableToCommonShares": "-4700000", "preferredStockAndOtherAdjustments": "None"}, {"fiscalDateEnding": "2020-03-31", "reportedCurrency": "USD", "totalRevenue": "80800000", "totalOperatingExpense": "13300000", "costOfRevenue": "57300000", "grossProfit": "23500000", "ebit": "13400000", "netIncome": "6200000", "researchAndDevelopment": "None", "effectOfAccountingCharges": "None", "incomeBeforeTax": "5800000", "minorityInterest": "-600000", "sellingGeneralAdministrative": "13300000", "otherNonOperatingIncome": "3200000", "operatingIncome": "10200000", "otherOperatingExpense": "None", "interestExpense": "7800000", "taxProvision": "0", "interestIncome": "600000", "netInterestIncome": "-7200000", "extraordinaryItems": "-200000", "nonRecurring": "None", "otherItems": "None", "incomeTaxExpense": "None", "totalOtherIncomeExpense": "4000000", "discontinuedOperations": "-200000", "netIncomeFromContinuingOperations": "5800000", "netIncomeApplicableToCommonShares": "6200000", "preferredStockAndOtherAdjustments": "None"}, {"fiscalDateEnding": "2019-12-31", "reportedCurrency": "USD", "totalRevenue": "107600000", "totalOperatingExpense": "13900000", "costOfRevenue": "80800000", "grossProfit": "26800000", "ebit": "12100000", "netIncome": "5200000", "researchAndDevelopment": "None", "effectOfAccountingCharges": "None", "incomeBeforeTax": "4800000", "minorityInterest": "-200000", "sellingGeneralAdministrative": "13900000", "otherNonOperatingIncome": "-800000", "operatingIncome": "12900000", "otherOperatingExpense": "None", "interestExpense": "7700000", "taxProvision": "-900000", "interestIncome": "200000", "netInterestIncome": "-7500000", "extraordinaryItems": "-700000", "nonRecurring": "None", "otherItems": "None", "incomeTaxExpense": "-3100000", "totalOtherIncomeExpense": "2500000", "discontinuedOperations": "-700000", "netIncomeFromContinuingOperations": "5700000", "netIncomeApplicableToCommonShares": "5000000", "preferredStockAndOtherAdjustments": "None"}, {"fiscalDateEnding": "2019-09-30", "reportedCurrency": "USD", "totalRevenue": "89100000", "totalOperatingExpense": "63000000", "costOfRevenue": "71700000", "grossProfit": "17400000", "ebit": "-43200000", "netIncome": "-49800000", "researchAndDevelopment": "None", "effectOfAccountingCharges": "None", "incomeBeforeTax": "-50800000", "minorityInterest": "-1100000", "sellingGeneralAdministrative": "13300000", "otherNonOperatingIncome": "2400000", "operatingIncome": "-45600000", "otherOperatingExpense": "None", "interestExpense": "8200000", "taxProvision": "0", "interestIncome": "600000", "netInterestIncome": "-7600000", "extraordinaryItems": "-100000", "nonRecurring": "49700000", "otherItems": "None", "incomeTaxExpense": "None", "totalOtherIncomeExpense": "-47300000", "discontinuedOperations": "-100000", "netIncomeFromContinuingOperations": "-50800000", "netIncomeApplicableToCommonShares": "-49800000", "preferredStockAndOtherAdjustments": "None"}, {"fiscalDateEnding": "2019-06-30", "reportedCurrency": "USD", "totalRevenue": "109100000", "totalOperatingExpense": "16200000", "costOfRevenue": "87700000", "grossProfit": "21400000", "ebit": "6200000", "netIncome": "-800000", "researchAndDevelopment": "None", "effectOfAccountingCharges": "None", "incomeBeforeTax": "-1300000", "minorityInterest": "-400000", "sellingGeneralAdministrative": "16200000", "otherNonOperatingIncome": "1000000", "operatingIncome": "5200000", "otherOperatingExpense": "None", "interestExpense": "8100000", "taxProvision": "0", "interestIncome": "600000", "netInterestIncome": "-7500000", "extraordinaryItems": "100000", "nonRecurring": "None", "otherItems": "None", "incomeTaxExpense": "None", "totalOtherIncomeExpense": "1000000", "discontinuedOperations": "100000", "netIncomeFromContinuingOperations": "-1300000", "netIncomeApplicableToCommonShares": "-800000", "preferredStockAndOtherAdjustments": "None"}, {"fiscalDateEnding": "2019-03-31", "reportedCurrency": "USD", "totalRevenue": "129400000", "totalOperatingExpense": "15500000", "costOfRevenue": "100700000", "grossProfit": "28700000", "ebit": "15900000", "netIncome": "9000000", "researchAndDevelopment": "None", "effectOfAccountingCharges": "None", "incomeBeforeTax": "8400000", "minorityInterest": "-300000", "sellingGeneralAdministrative": "15500000", "otherNonOperatingIncome": "2700000", "operatingIncome": "13200000", "otherOperatingExpense": "None", "interestExpense": "9100000", "taxProvision": "-1100000", "interestIncome": "-6400000", "netInterestIncome": "-7500000", "extraordinaryItems": "-800000", "nonRecurring": "None", "otherItems": "None", "incomeTaxExpense": "1100000", "totalOtherIncomeExpense": "2700000", "discontinuedOperations": "-800000", "netIncomeFromContinuingOperations": "9500000", "netIncomeApplicableToCommonShares": "9000000", "preferredStockAndOtherAdjustments": "None"}, {"fiscalDateEnding": "2018-12-31", "reportedCurrency": "USD", "totalRevenue": "299600000", "totalOperatingExpense": "-114300000", "costOfRevenue": "114900000", "grossProfit": "184700000", "ebit": "-108500000", "netIncome": "-136600000", "researchAndDevelopment": "0", "effectOfAccountingCharges": "0", "incomeBeforeTax": "-67500000", "minorityInterest": "800000", "sellingGeneralAdministrative": "-34900000", "otherNonOperatingIncome": "-248700000", "operatingIncome": "140200000", "otherOperatingExpense": "283300000", "interestExpense": "11400000", "taxProvision": "None", "interestIncome": "None", "netInterestIncome": "None", "extraordinaryItems": "-400000", "nonRecurring": "-79400000", "otherItems": "0", "incomeTaxExpense": "18100000", "totalOtherIncomeExpense": "-274300000", "discontinuedOperations": "-400000", "netIncomeFromContinuingOperations": "-135400000", "netIncomeApplicableToCommonShares": "-136600000", "preferredStockAndOtherAdjustments": "None"}, {"fiscalDateEnding": "2018-09-30", "reportedCurrency": "USD", "totalRevenue": "119400000", "totalOperatingExpense": "14600000", "costOfRevenue": "87100000", "grossProfit": "32300000", "ebit": "22100000", "netIncome": "14800000", "researchAndDevelopment": "0", "effectOfAccountingCharges": "0", "incomeBeforeTax": "16800000", "minorityInterest": "800000", "sellingGeneralAdministrative": "14600000", "otherNonOperatingIncome": "4400000", "operatingIncome": "17700000", "otherOperatingExpense": "0", "interestExpense": "5300000", "taxProvision": "None", "interestIncome": "None", "netInterestIncome": "None", "extraordinaryItems": "0", "nonRecurring": "0", "otherItems": "0", "incomeTaxExpense": "1000000", "totalOtherIncomeExpense": "-4700000", "discontinuedOperations": "-200000", "netIncomeFromContinuingOperations": "15800000", "netIncomeApplicableToCommonShares": "14800000", "preferredStockAndOtherAdjustments": "None"}, {"fiscalDateEnding": "2018-06-30", "reportedCurrency": "USD", "totalRevenue": "112100000", "totalOperatingExpense": "15100000", "costOfRevenue": "89100000", "grossProfit": "23000000", "ebit": "12100000", "netIncome": "2500000", "researchAndDevelopment": "0", "effectOfAccountingCharges": "0", "incomeBeforeTax": "2600000", "minorityInterest": "500000", "sellingGeneralAdministrative": "15100000", "otherNonOperatingIncome": "4200000", "operatingIncome": "7900000", "otherOperatingExpense": "402500000", "interestExpense": "9500000", "taxProvision": "None", "interestIncome": "None", "netInterestIncome": "None", "extraordinaryItems": "0", "nonRecurring": "0", "otherItems": "0", "incomeTaxExpense": "-100000", "totalOtherIncomeExpense": "-8700000", "discontinuedOperations": "100000", "netIncomeFromContinuingOperations": "2900000", "netIncomeApplicableToCommonShares": "2500000", "preferredStockAndOtherAdjustments": "None"}, {"fiscalDateEnding": "2018-03-31", "reportedCurrency": "USD", "totalRevenue": "113300000", "totalOperatingExpense": "15000000", "costOfRevenue": "91300000", "grossProfit": "22000000", "ebit": "53900000", "netIncome": "47300000", "researchAndDevelopment": "None", "effectOfAccountingCharges": "None", "incomeBeforeTax": "-4800000", "minorityInterest": "100000", "sellingGeneralAdministrative": "15000000", "otherNonOperatingIncome": "46900000", "operatingIncome": "7000000", "otherOperatingExpense": "402500000", "interestExpense": "9100000", "taxProvision": "None", "interestIncome": "None", "netInterestIncome": "None", "extraordinaryItems": "None", "nonRecurring": "None", "otherItems": "None", "incomeTaxExpense": "-2700000", "totalOtherIncomeExpense": "41100000", "discontinuedOperations": "-100000", "netIncomeFromContinuingOperations": "47500000", "netIncomeApplicableToCommonShares": "47300000", "preferredStockAndOtherAdjustments": "None"}, {"fiscalDateEnding": "2017-12-31", "reportedCurrency": "USD", "totalRevenue": "122700000", "totalOperatingExpense": "41600000", "costOfRevenue": "90900000", "grossProfit": "31800000", "ebit": "-4200000", "netIncome": "211600000", "researchAndDevelopment": "0", "effectOfAccountingCharges": "0", "incomeBeforeTax": "-21800000", "minorityInterest": "500000", "sellingGeneralAdministrative": "15400000", "otherNonOperatingIncome": "5600000", "operatingIncome": "-9800000", "otherOperatingExpense": "3800000", "interestExpense": "14100000", "taxProvision": "None", "interestIncome": "None", "netInterestIncome": "None", "extraordinaryItems": "0", "nonRecurring": "22400000", "otherItems": "0", "incomeTaxExpense": "-224600000", "totalOtherIncomeExpense": "-35900000", "discontinuedOperations": "-1600000", "netIncomeFromContinuingOperations": "212100000", "netIncomeApplicableToCommonShares": "212900000", "preferredStockAndOtherAdjustments": "None"}, {"fiscalDateEnding": "2017-09-30", "reportedCurrency": "USD", "totalRevenue": "111500000", "totalOperatingExpense": "24500000", "costOfRevenue": "75200000", "grossProfit": "36300000", "ebit": "17200000", "netIncome": "6100000", "researchAndDevelopment": "0", "effectOfAccountingCharges": "0", "incomeBeforeTax": "11100000", "minorityInterest": "500000", "sellingGeneralAdministrative": "20100000", "otherNonOperatingIncome": "5400000", "operatingIncome": "11800000", "otherOperatingExpense": "4400000", "interestExpense": "6100000", "taxProvision": "None", "interestIncome": "None", "netInterestIncome": "None", "extraordinaryItems": "0", "nonRecurring": "67200000", "otherItems": "0", "incomeTaxExpense": "3700000", "totalOtherIncomeExpense": "5500000", "discontinuedOperations": "-800000", "netIncomeFromContinuingOperations": "7400000", "netIncomeApplicableToCommonShares": "6600000", "preferredStockAndOtherAdjustments": "None"}, {"fiscalDateEnding": "2017-06-30", "reportedCurrency": "USD", "totalRevenue": "98100000", "totalOperatingExpense": "17700000", "costOfRevenue": "69600000", "grossProfit": "28500000", "ebit": "13700000", "netIncome": "4300000", "researchAndDevelopment": "0", "effectOfAccountingCharges": "0", "incomeBeforeTax": "7500000", "minorityInterest": "500000", "sellingGeneralAdministrative": "15500000", "otherNonOperatingIncome": "2900000", "operatingIncome": "10800000", "otherOperatingExpense": "2200000", "interestExpense": "6200000", "taxProvision": "None", "interestIncome": "None", "netInterestIncome": "None", "extraordinaryItems": "0", "nonRecurring": "-67200000", "otherItems": "0", "incomeTaxExpense": "3500000", "totalOtherIncomeExpense": "-6200000", "discontinuedOperations": "800000", "netIncomeFromContinuingOperations": "4000000", "netIncomeApplicableToCommonShares": "4300000", "preferredStockAndOtherAdjustments": "None"}, {"fiscalDateEnding": "2017-03-31", "reportedCurrency": "USD", "totalRevenue": "93200000", "totalOperatingExpense": "20200000", "costOfRevenue": "66300000", "grossProfit": "26900000", "ebit": "6700000", "netIncome": "6300000", "researchAndDevelopment": "0", "effectOfAccountingCharges": "0", "incomeBeforeTax": "3800000", "minorityInterest": "700000", "sellingGeneralAdministrative": "15400000", "otherNonOperatingIncome": "None", "operatingIncome": "6700000", "otherOperatingExpense": "4800000", "interestExpense": "-2900000", "taxProvision": "None", "interestIncome": "None", "netInterestIncome": "None", "extraordinaryItems": "0", "nonRecurring": "22400000", "otherItems": "0", "incomeTaxExpense": "-800000", "totalOtherIncomeExpense": "0", "discontinuedOperations": "2400000", "netIncomeFromContinuingOperations": "4600000", "netIncomeApplicableToCommonShares": "6300000", "preferredStockAndOtherAdjustments": "None"}, {"fiscalDateEnding": "2016-12-31", "reportedCurrency": "USD", "totalRevenue": "37300000", "totalOperatingExpense": "-12600000", "costOfRevenue": "2400000", "grossProfit": "34900000", "ebit": "72100000", "netIncome": "-100000", "researchAndDevelopment": "0", "effectOfAccountingCharges": "0", "incomeBeforeTax": "65900000", "minorityInterest": "700000", "sellingGeneralAdministrative": "11700000", "otherNonOperatingIncome": "24600000", "operatingIncome": "47500000", "otherOperatingExpense": "7600000", "interestExpense": "6200000", "taxProvision": "None", "interestIncome": "None", "netInterestIncome": "None", "extraordinaryItems": "0", "nonRecurring": "-31900000", "otherItems": "0", "incomeTaxExpense": "24200000", "totalOtherIncomeExpense": "-41600000", "discontinuedOperations": "-41100000", "netIncomeFromContinuingOperations": "41700000", "netIncomeApplicableToCommonShares": "-100000", "preferredStockAndOtherAdjustments": "None"}, {"fiscalDateEnding": "2016-09-30", "reportedCurrency": "USD", "totalRevenue": "138700000", "totalOperatingExpense": "34200000", "costOfRevenue": "102300000", "grossProfit": "36400000", "ebit": "2600000", "netIncome": "-1900000", "researchAndDevelopment": "0", "effectOfAccountingCharges": "0", "incomeBeforeTax": "-3800000", "minorityInterest": "500000", "sellingGeneralAdministrative": "14700000", "otherNonOperatingIncome": "400000", "operatingIncome": "2200000", "otherOperatingExpense": "1900000", "interestExpense": "6400000", "taxProvision": "None", "interestIncome": "None", "netInterestIncome": "None", "extraordinaryItems": "0", "nonRecurring": "17600000", "otherItems": "0", "incomeTaxExpense": "-2400000", "totalOtherIncomeExpense": "0", "discontinuedOperations": "-28700000", "netIncomeFromContinuingOperations": "-1400000", "netIncomeApplicableToCommonShares": "-1900000", "preferredStockAndOtherAdjustments": "None"}, {"fiscalDateEnding": "2016-06-30", "reportedCurrency": "USD", "totalRevenue": "102700000", "totalOperatingExpense": "23700000", "costOfRevenue": "81900000", "grossProfit": "20800000", "ebit": "-10300000", "netIncome": "-700000", "researchAndDevelopment": "0", "effectOfAccountingCharges": "0", "incomeBeforeTax": "-17100000", "minorityInterest": "100000", "sellingGeneralAdministrative": "13200000", "otherNonOperatingIncome": "-7400000", "operatingIncome": "-2900000", "otherOperatingExpense": "0", "interestExpense": "6800000", "taxProvision": "None", "interestIncome": "None", "netInterestIncome": "None", "extraordinaryItems": "0", "nonRecurring": "10500000", "otherItems": "0", "incomeTaxExpense": "-16500000", "totalOtherIncomeExpense": "0", "discontinuedOperations": "10800000", "netIncomeFromContinuingOperations": "-600000", "netIncomeApplicableToCommonShares": "-700000", "preferredStockAndOtherAdjustments": "None"}, {"fiscalDateEnding": "2016-03-31", "reportedCurrency": "USD", "totalRevenue": "108800000", "totalOperatingExpense": "32100000", "costOfRevenue": "81900000", "grossProfit": "26900000", "ebit": "-2800000", "netIncome": "-7500000", "researchAndDevelopment": "0", "effectOfAccountingCharges": "0", "incomeBeforeTax": "-9700000", "minorityInterest": "500000", "sellingGeneralAdministrative": "16600000", "otherNonOperatingIncome": "2400000", "operatingIncome": "-5200000", "otherOperatingExpense": "0", "interestExpense": "6900000", "taxProvision": "None", "interestIncome": "None", "netInterestIncome": "None", "extraordinaryItems": "0", "nonRecurring": "15500000", "otherItems": "0", "incomeTaxExpense": "-2700000", "totalOtherIncomeExpense": "0", "discontinuedOperations": "0", "netIncomeFromContinuingOperations": "-7000000", "netIncomeApplicableToCommonShares": "-7500000", "preferredStockAndOtherAdjustments": "None"}, {"fiscalDateEnding": "2015-12-31", "reportedCurrency": "USD", "totalRevenue": "121400000", "totalOperatingExpense": "15900000", "costOfRevenue": "126400000", "grossProfit": "-5000000", "ebit": "-15200000", "netIncome": "-12200000", "researchAndDevelopment": "0", "effectOfAccountingCharges": "0", "incomeBeforeTax": "-21800000", "minorityInterest": "300000", "sellingGeneralAdministrative": "14000000", "otherNonOperatingIncome": "5700000", "operatingIncome": "-20900000", "otherOperatingExpense": "9500000", "interestExpense": "6600000", "taxProvision": "None", "interestIncome": "None", "netInterestIncome": "None", "extraordinaryItems": "0", "nonRecurring": "11700000", "otherItems": "0", "incomeTaxExpense": "-9900000", "totalOtherIncomeExpense": "-29300000", "discontinuedOperations": "-29700000", "netIncomeFromContinuingOperations": "-11900000", "netIncomeApplicableToCommonShares": "-12200000", "preferredStockAndOtherAdjustments": "None"}, {"fiscalDateEnding": "2015-09-30", "reportedCurrency": "USD", "totalRevenue": "144700000", "totalOperatingExpense": "12600000", "costOfRevenue": "118000000", "grossProfit": "26700000", "ebit": "17300000", "netIncome": "6700000", "researchAndDevelopment": "0", "effectOfAccountingCharges": "0", "incomeBeforeTax": "10800000", "minorityInterest": "300000", "sellingGeneralAdministrative": "12600000", "otherNonOperatingIncome": "3200000", "operatingIncome": "14100000", "otherOperatingExpense": "0", "interestExpense": "6500000", "taxProvision": "None", "interestIncome": "None", "netInterestIncome": "None", "extraordinaryItems": "0", "nonRecurring": "0", "otherItems": "0", "incomeTaxExpense": "3800000", "totalOtherIncomeExpense": "0", "discontinuedOperations": "0", "netIncomeFromContinuingOperations": "7000000", "netIncomeApplicableToCommonShares": "6700000", "preferredStockAndOtherAdjustments": "None"}, {"fiscalDateEnding": "2015-06-30", "reportedCurrency": "USD", "totalRevenue": "153700000", "totalOperatingExpense": "14100000", "costOfRevenue": "118300000", "grossProfit": "35400000", "ebit": "23700000", "netIncome": "9800000", "researchAndDevelopment": "0", "effectOfAccountingCharges": "0", "incomeBeforeTax": "17100000", "minorityInterest": "300000", "sellingGeneralAdministrative": "14100000", "otherNonOperatingIncome": "2400000", "operatingIncome": "21300000", "otherOperatingExpense": "0", "interestExpense": "6600000", "taxProvision": "None", "interestIncome": "None", "netInterestIncome": "None", "extraordinaryItems": "0", "nonRecurring": "0", "otherItems": "0", "incomeTaxExpense": "7000000", "totalOtherIncomeExpense": "0", "discontinuedOperations": "0", "netIncomeFromContinuingOperations": "10100000", "netIncomeApplicableToCommonShares": "9800000", "preferredStockAndOtherAdjustments": "None"}]}