{"symbol": "ALG", "annualReports": [{"fiscalDateEnding": "2019-12-31", "reportedCurrency": "USD", "totalRevenue": "1119138000", "totalOperatingExpense": "178579000", "costOfRevenue": "845911000", "grossProfit": "273227000", "ebit": "95082000", "netIncome": "62906000", "researchAndDevelopment": "None", "effectOfAccountingCharges": "None", "incomeBeforeTax": "84335000", "minorityInterest": "None", "sellingGeneralAdministrative": "172921000", "otherNonOperatingIncome": "434000", "operatingIncome": "94648000", "otherOperatingExpense": "5658000", "interestExpense": "10747000", "taxProvision": "21429000", "interestIncome": "1229000", "netInterestIncome": "-9518000", "extraordinaryItems": "None", "nonRecurring": "None", "otherItems": "None", "incomeTaxExpense": "21429000", "totalOtherIncomeExpense": "-795000", "discontinuedOperations": "None", "netIncomeFromContinuingOperations": "62906000", "netIncomeApplicableToCommonShares": "62906000", "preferredStockAndOtherAdjustments": "None"}, {"fiscalDateEnding": "2018-12-31", "reportedCurrency": "USD", "totalRevenue": "1008822000", "totalOperatingExpense": "155027000", "costOfRevenue": "752707000", "grossProfit": "256115000", "ebit": "100024000", "netIncome": "73486000", "researchAndDevelopment": "10429000", "effectOfAccountingCharges": "None", "incomeBeforeTax": "94531000", "minorityInterest": "None", "sellingGeneralAdministrative": "155027000", "otherNonOperatingIncome": "-1064000", "operatingIncome": "101088000", "otherOperatingExpense": "None", "interestExpense": "5493000", "taxProvision": "21045000", "interestIncome": "410000", "netInterestIncome": "-5083000", "extraordinaryItems": "3331000", "nonRecurring": "None", "otherItems": "None", "incomeTaxExpense": "21045000", "totalOtherIncomeExpense": "-1474000", "discontinuedOperations": "None", "netIncomeFromContinuingOperations": "73486000", "netIncomeApplicableToCommonShares": "73486000", "preferredStockAndOtherAdjustments": "None"}, {"fiscalDateEnding": "2017-12-31", "reportedCurrency": "USD", "totalRevenue": "912380000", "totalOperatingExpense": "145955000", "costOfRevenue": "677687000", "grossProfit": "234693000", "ebit": "87206000", "netIncome": "44315000", "researchAndDevelopment": "9849000", "effectOfAccountingCharges": "None", "incomeBeforeTax": "82367000", "minorityInterest": "None", "sellingGeneralAdministrative": "145955000", "otherNonOperatingIncome": "-1532000", "operatingIncome": "88738000", "otherOperatingExpense": "None", "interestExpense": "4839000", "taxProvision": "38052000", "interestIncome": "336000", "netInterestIncome": "-4503000", "extraordinaryItems": "-10236000", "nonRecurring": "None", "otherItems": "None", "incomeTaxExpense": "38052000", "totalOtherIncomeExpense": "-1868000", "discontinuedOperations": "None", "netIncomeFromContinuingOperations": "44315000", "netIncomeApplicableToCommonShares": "44315000", "preferredStockAndOtherAdjustments": "None"}, {"fiscalDateEnding": "2016-12-31", "reportedCurrency": "USD", "totalRevenue": "844748000", "totalOperatingExpense": "137479000", "costOfRevenue": "639649000", "grossProfit": "205099000", "ebit": "68103000", "netIncome": "40045000", "researchAndDevelopment": "8847000", "effectOfAccountingCharges": "None", "incomeBeforeTax": "62189000", "minorityInterest": "None", "sellingGeneralAdministrative": "137479000", "otherNonOperatingIncome": "483000", "operatingIncome": "67620000", "otherOperatingExpense": "None", "interestExpense": "5914000", "taxProvision": "22144000", "interestIncome": "214000", "netInterestIncome": "-5700000", "extraordinaryItems": "None", "nonRecurring": "None", "otherItems": "None", "incomeTaxExpense": "22144000", "totalOtherIncomeExpense": "269000", "discontinuedOperations": "None", "netIncomeFromContinuingOperations": "40045000", "netIncomeApplicableToCommonShares": "40045000", "preferredStockAndOtherAdjustments": "None"}, {"fiscalDateEnding": "2015-12-31", "reportedCurrency": "USD", "totalRevenue": "879577000", "totalOperatingExpense": "135920000", "costOfRevenue": "677129000", "grossProfit": "202448000", "ebit": "73591000", "netIncome": "43209000", "researchAndDevelopment": "8590000", "effectOfAccountingCharges": "None", "incomeBeforeTax": "66867000", "minorityInterest": "None", "sellingGeneralAdministrative": "135920000", "otherNonOperatingIncome": "7063000", "operatingIncome": "66528000", "otherOperatingExpense": "None", "interestExpense": "6724000", "taxProvision": "23658000", "interestIncome": "-6535000", "netInterestIncome": "None", "extraordinaryItems": "None", "nonRecurring": "None", "otherItems": "None", "incomeTaxExpense": "23658000", "totalOtherIncomeExpense": "-2401000", "discontinuedOperations": "None", "netIncomeFromContinuingOperations": "43209000", "netIncomeApplicableToCommonShares": "43209000", "preferredStockAndOtherAdjustments": "None"}], "quarterlyReports": [{"fiscalDateEnding": "2020-06-30", "reportedCurrency": "USD", "totalRevenue": "268635000", "totalOperatingExpense": "45164000", "costOfRevenue": "200810000", "grossProfit": "67825000", "ebit": "21679000", "netIncome": "12989000", "researchAndDevelopment": "None", "effectOfAccountingCharges": "None", "incomeBeforeTax": "17738000", "minorityInterest": "None", "sellingGeneralAdministrative": "41551000", "otherNonOperatingIncome": "-982000", "operatingIncome": "22661000", "otherOperatingExpense": "3613000", "interestExpense": "3941000", "taxProvision": "4749000", "interestIncome": "306000", "netInterestIncome": "-3635000", "extraordinaryItems": "None", "nonRecurring": "None", "otherItems": "None", "incomeTaxExpense": "4749000", "totalOtherIncomeExpense": "-1288000", "discontinuedOperations": "None", "netIncomeFromContinuingOperations": "12989000", "netIncomeApplicableToCommonShares": "12989000", "preferredStockAndOtherAdjustments": "None"}, {"fiscalDateEnding": "2020-03-31", "reportedCurrency": "USD", "totalRevenue": "314448000", "totalOperatingExpense": "55084000", "costOfRevenue": "235508000", "grossProfit": "78940000", "ebit": "26553000", "netIncome": "15528000", "researchAndDevelopment": "None", "effectOfAccountingCharges": "None", "incomeBeforeTax": "21034000", "minorityInterest": "None", "sellingGeneralAdministrative": "51248000", "otherNonOperatingIncome": "2697000", "operatingIncome": "23856000", "otherOperatingExpense": "3836000", "interestExpense": "5519000", "taxProvision": "5506000", "interestIncome": "356000", "netInterestIncome": "-5163000", "extraordinaryItems": "None", "nonRecurring": "None", "otherItems": "None", "incomeTaxExpense": "5506000", "totalOtherIncomeExpense": "2341000", "discontinuedOperations": "None", "netIncomeFromContinuingOperations": "15528000", "netIncomeApplicableToCommonShares": "15528000", "preferredStockAndOtherAdjustments": "None"}, {"fiscalDateEnding": "2019-12-31", "reportedCurrency": "USD", "totalRevenue": "300189000", "totalOperatingExpense": "49838000", "costOfRevenue": "232113000", "grossProfit": "68076000", "ebit": "18252000", "netIncome": "9568000", "researchAndDevelopment": "None", "effectOfAccountingCharges": "None", "incomeBeforeTax": "12727000", "minorityInterest": "None", "sellingGeneralAdministrative": "44180000", "otherNonOperatingIncome": "14000", "operatingIncome": "18238000", "otherOperatingExpense": "5658000", "interestExpense": "5525000", "taxProvision": "3159000", "interestIncome": "367000", "netInterestIncome": "-5158000", "extraordinaryItems": "None", "nonRecurring": "None", "otherItems": "None", "incomeTaxExpense": "3159000", "totalOtherIncomeExpense": "-353000", "discontinuedOperations": "None", "netIncomeFromContinuingOperations": "9568000", "netIncomeApplicableToCommonShares": "9568000", "preferredStockAndOtherAdjustments": "None"}, {"fiscalDateEnding": "2019-09-30", "reportedCurrency": "USD", "totalRevenue": "271829000", "totalOperatingExpense": "44255000", "costOfRevenue": "203119000", "grossProfit": "68710000", "ebit": "25056000", "netIncome": "17418000", "researchAndDevelopment": "None", "effectOfAccountingCharges": "None", "incomeBeforeTax": "23219000", "minorityInterest": "None", "sellingGeneralAdministrative": "44255000", "otherNonOperatingIncome": "601000", "operatingIncome": "24455000", "otherOperatingExpense": "None", "interestExpense": "1837000", "taxProvision": "5801000", "interestIncome": "359000", "netInterestIncome": "-1478000", "extraordinaryItems": "None", "nonRecurring": "None", "otherItems": "None", "incomeTaxExpense": "5801000", "totalOtherIncomeExpense": "242000", "discontinuedOperations": "None", "netIncomeFromContinuingOperations": "17418000", "netIncomeApplicableToCommonShares": "17418000", "preferredStockAndOtherAdjustments": "None"}, {"fiscalDateEnding": "2019-06-30", "reportedCurrency": "USD", "totalRevenue": "285186000", "totalOperatingExpense": "43784000", "costOfRevenue": "212053000", "grossProfit": "73133000", "ebit": "29384000", "netIncome": "20667000", "researchAndDevelopment": "None", "effectOfAccountingCharges": "None", "incomeBeforeTax": "27449000", "minorityInterest": "None", "sellingGeneralAdministrative": "43784000", "otherNonOperatingIncome": "35000", "operatingIncome": "29349000", "otherOperatingExpense": "None", "interestExpense": "1935000", "taxProvision": "6782000", "interestIncome": "330000", "netInterestIncome": "-1605000", "extraordinaryItems": "None", "nonRecurring": "None", "otherItems": "None", "incomeTaxExpense": "6782000", "totalOtherIncomeExpense": "-295000", "discontinuedOperations": "None", "netIncomeFromContinuingOperations": "20667000", "netIncomeApplicableToCommonShares": "20667000", "preferredStockAndOtherAdjustments": "None"}, {"fiscalDateEnding": "2019-03-31", "reportedCurrency": "USD", "totalRevenue": "261934000", "totalOperatingExpense": "40702000", "costOfRevenue": "198626000", "grossProfit": "63308000", "ebit": "22390000", "netIncome": "15253000", "researchAndDevelopment": "None", "effectOfAccountingCharges": "None", "incomeBeforeTax": "20940000", "minorityInterest": "None", "sellingGeneralAdministrative": "40702000", "otherNonOperatingIncome": "-216000", "operatingIncome": "22606000", "otherOperatingExpense": "None", "interestExpense": "1450000", "taxProvision": "5687000", "interestIncome": "173000", "netInterestIncome": "-1277000", "extraordinaryItems": "None", "nonRecurring": "None", "otherItems": "None", "incomeTaxExpense": "5687000", "totalOtherIncomeExpense": "-389000", "discontinuedOperations": "None", "netIncomeFromContinuingOperations": "15253000", "netIncomeApplicableToCommonShares": "15253000", "preferredStockAndOtherAdjustments": "None"}, {"fiscalDateEnding": "2018-12-31", "reportedCurrency": "USD", "totalRevenue": "256038000", "totalOperatingExpense": "37940000", "costOfRevenue": "193406000", "grossProfit": "62632000", "ebit": "23810000", "netIncome": "16589000", "researchAndDevelopment": "10429000", "effectOfAccountingCharges": "0", "incomeBeforeTax": "22550000", "minorityInterest": "0", "sellingGeneralAdministrative": "37940000", "otherNonOperatingIncome": "-882000", "operatingIncome": "24692000", "otherOperatingExpense": "0", "interestExpense": "1260000", "taxProvision": "None", "interestIncome": "None", "netInterestIncome": "None", "extraordinaryItems": "3331000", "nonRecurring": "0", "otherItems": "0", "incomeTaxExpense": "5961000", "totalOtherIncomeExpense": "-2329000", "discontinuedOperations": "0", "netIncomeFromContinuingOperations": "16589000", "netIncomeApplicableToCommonShares": "16589000", "preferredStockAndOtherAdjustments": "None"}, {"fiscalDateEnding": "2018-09-30", "reportedCurrency": "USD", "totalRevenue": "257572000", "totalOperatingExpense": "38523000", "costOfRevenue": "190800000", "grossProfit": "66772000", "ebit": "28084000", "netIncome": "23543000", "researchAndDevelopment": "10429000", "effectOfAccountingCharges": "0", "incomeBeforeTax": "26685000", "minorityInterest": "0", "sellingGeneralAdministrative": "38523000", "otherNonOperatingIncome": "-165000", "operatingIncome": "28249000", "otherOperatingExpense": "0", "interestExpense": "1399000", "taxProvision": "None", "interestIncome": "None", "netInterestIncome": "None", "extraordinaryItems": "0", "nonRecurring": "0", "otherItems": "0", "incomeTaxExpense": "3142000", "totalOtherIncomeExpense": "-1502000", "discontinuedOperations": "0", "netIncomeFromContinuingOperations": "23543000", "netIncomeApplicableToCommonShares": "23543000", "preferredStockAndOtherAdjustments": "None"}, {"fiscalDateEnding": "2018-06-30", "reportedCurrency": "USD", "totalRevenue": "257125000", "totalOperatingExpense": "39668000", "costOfRevenue": "190671000", "grossProfit": "66454000", "ebit": "26803000", "netIncome": "18771000", "researchAndDevelopment": "10429000", "effectOfAccountingCharges": "0", "incomeBeforeTax": "25306000", "minorityInterest": "0", "sellingGeneralAdministrative": "39668000", "otherNonOperatingIncome": "17000", "operatingIncome": "26786000", "otherOperatingExpense": "0", "interestExpense": "1497000", "taxProvision": "None", "interestIncome": "None", "netInterestIncome": "None", "extraordinaryItems": "0", "nonRecurring": "0", "otherItems": "0", "incomeTaxExpense": "6535000", "totalOtherIncomeExpense": "-1418000", "discontinuedOperations": "0", "netIncomeFromContinuingOperations": "18771000", "netIncomeApplicableToCommonShares": "18771000", "preferredStockAndOtherAdjustments": "None"}, {"fiscalDateEnding": "2018-03-31", "reportedCurrency": "USD", "totalRevenue": "238087000", "totalOperatingExpense": "38896000", "costOfRevenue": "177830000", "grossProfit": "60257000", "ebit": "21327000", "netIncome": "14583000", "researchAndDevelopment": "10429000", "effectOfAccountingCharges": "0", "incomeBeforeTax": "19990000", "minorityInterest": "0", "sellingGeneralAdministrative": "38896000", "otherNonOperatingIncome": "-34000", "operatingIncome": "21361000", "otherOperatingExpense": "0", "interestExpense": "1337000", "taxProvision": "None", "interestIncome": "None", "netInterestIncome": "None", "extraordinaryItems": "0", "nonRecurring": "0", "otherItems": "0", "incomeTaxExpense": "5407000", "totalOtherIncomeExpense": "-1309000", "discontinuedOperations": "0", "netIncomeFromContinuingOperations": "14583000", "netIncomeApplicableToCommonShares": "14583000", "preferredStockAndOtherAdjustments": "None"}, {"fiscalDateEnding": "2017-12-31", "reportedCurrency": "USD", "totalRevenue": "243260000", "totalOperatingExpense": "40042000", "costOfRevenue": "182349000", "grossProfit": "60911000", "ebit": "21364000", "netIncome": "3240000", "researchAndDevelopment": "9849000", "effectOfAccountingCharges": "0", "incomeBeforeTax": "20766000", "minorityInterest": "0", "sellingGeneralAdministrative": "40042000", "otherNonOperatingIncome": "495000", "operatingIncome": "20869000", "otherOperatingExpense": "0", "interestExpense": "598000", "taxProvision": "None", "interestIncome": "None", "netInterestIncome": "None", "extraordinaryItems": "0", "nonRecurring": "0", "otherItems": "0", "incomeTaxExpense": "17526000", "totalOtherIncomeExpense": "-6371000", "discontinuedOperations": "0", "netIncomeFromContinuingOperations": "3240000", "netIncomeApplicableToCommonShares": "3240000", "preferredStockAndOtherAdjustments": "None"}, {"fiscalDateEnding": "2017-09-30", "reportedCurrency": "USD", "totalRevenue": "240455000", "totalOperatingExpense": "37328000", "costOfRevenue": "175516000", "grossProfit": "64939000", "ebit": "26300000", "netIncome": "16592000", "researchAndDevelopment": "0", "effectOfAccountingCharges": "0", "incomeBeforeTax": "24886000", "minorityInterest": "0", "sellingGeneralAdministrative": "37328000", "otherNonOperatingIncome": "-1311000", "operatingIncome": "27611000", "otherOperatingExpense": "0", "interestExpense": "1414000", "taxProvision": "None", "interestIncome": "None", "netInterestIncome": "None", "extraordinaryItems": "0", "nonRecurring": "0", "otherItems": "0", "incomeTaxExpense": "8294000", "totalOtherIncomeExpense": "0", "discontinuedOperations": "0", "netIncomeFromContinuingOperations": "16592000", "netIncomeApplicableToCommonShares": "16592000", "preferredStockAndOtherAdjustments": "None"}, {"fiscalDateEnding": "2017-06-30", "reportedCurrency": "USD", "totalRevenue": "213276000", "totalOperatingExpense": "34522000", "costOfRevenue": "158597000", "grossProfit": "54679000", "ebit": "19573000", "netIncome": "12316000", "researchAndDevelopment": "0", "effectOfAccountingCharges": "0", "incomeBeforeTax": "18073000", "minorityInterest": "0", "sellingGeneralAdministrative": "34522000", "otherNonOperatingIncome": "-584000", "operatingIncome": "20157000", "otherOperatingExpense": "0", "interestExpense": "1500000", "taxProvision": "None", "interestIncome": "None", "netInterestIncome": "None", "extraordinaryItems": "0", "nonRecurring": "0", "otherItems": "0", "incomeTaxExpense": "5757000", "totalOtherIncomeExpense": "0", "discontinuedOperations": "0", "netIncomeFromContinuingOperations": "12316000", "netIncomeApplicableToCommonShares": "12316000", "preferredStockAndOtherAdjustments": "None"}, {"fiscalDateEnding": "2017-03-31", "reportedCurrency": "USD", "totalRevenue": "215389000", "totalOperatingExpense": "34063000", "costOfRevenue": "161225000", "grossProfit": "54164000", "ebit": "19969000", "netIncome": "12167000", "researchAndDevelopment": "0", "effectOfAccountingCharges": "0", "incomeBeforeTax": "18642000", "minorityInterest": "0", "sellingGeneralAdministrative": "34063000", "otherNonOperatingIncome": "-132000", "operatingIncome": "20101000", "otherOperatingExpense": "0", "interestExpense": "1327000", "taxProvision": "None", "interestIncome": "None", "netInterestIncome": "None", "extraordinaryItems": "0", "nonRecurring": "0", "otherItems": "0", "incomeTaxExpense": "6475000", "totalOtherIncomeExpense": "0", "discontinuedOperations": "0", "netIncomeFromContinuingOperations": "12167000", "netIncomeApplicableToCommonShares": "12167000", "preferredStockAndOtherAdjustments": "None"}, {"fiscalDateEnding": "2016-12-31", "reportedCurrency": "USD", "totalRevenue": "205522000", "totalOperatingExpense": "35655000", "costOfRevenue": "157589000", "grossProfit": "47933000", "ebit": "12853000", "netIncome": "7588000", "researchAndDevelopment": "8847000", "effectOfAccountingCharges": "0", "incomeBeforeTax": "11273000", "minorityInterest": "0", "sellingGeneralAdministrative": "35655000", "otherNonOperatingIncome": "575000", "operatingIncome": "12278000", "otherOperatingExpense": "0", "interestExpense": "1580000", "taxProvision": "None", "interestIncome": "None", "netInterestIncome": "None", "extraordinaryItems": "0", "nonRecurring": "0", "otherItems": "0", "incomeTaxExpense": "3685000", "totalOtherIncomeExpense": "-5431000", "discontinuedOperations": "0", "netIncomeFromContinuingOperations": "7588000", "netIncomeApplicableToCommonShares": "7588000", "preferredStockAndOtherAdjustments": "None"}, {"fiscalDateEnding": "2016-09-30", "reportedCurrency": "USD", "totalRevenue": "216766000", "totalOperatingExpense": "33699000", "costOfRevenue": "162055000", "grossProfit": "54711000", "ebit": "21182000", "netIncome": "13236000", "researchAndDevelopment": "0", "effectOfAccountingCharges": "0", "incomeBeforeTax": "19777000", "minorityInterest": "0", "sellingGeneralAdministrative": "33699000", "otherNonOperatingIncome": "170000", "operatingIncome": "21012000", "otherOperatingExpense": "0", "interestExpense": "1405000", "taxProvision": "None", "interestIncome": "None", "netInterestIncome": "None", "extraordinaryItems": "0", "nonRecurring": "0", "otherItems": "0", "incomeTaxExpense": "6541000", "totalOtherIncomeExpense": "0", "discontinuedOperations": "0", "netIncomeFromContinuingOperations": "13236000", "netIncomeApplicableToCommonShares": "13236000", "preferredStockAndOtherAdjustments": "None"}, {"fiscalDateEnding": "2016-06-30", "reportedCurrency": "USD", "totalRevenue": "211489000", "totalOperatingExpense": "34137000", "costOfRevenue": "159311000", "grossProfit": "52178000", "ebit": "18339000", "netIncome": "10562000", "researchAndDevelopment": "0", "effectOfAccountingCharges": "0", "incomeBeforeTax": "16816000", "minorityInterest": "0", "sellingGeneralAdministrative": "34137000", "otherNonOperatingIncome": "298000", "operatingIncome": "18041000", "otherOperatingExpense": "0", "interestExpense": "1523000", "taxProvision": "None", "interestIncome": "None", "netInterestIncome": "None", "extraordinaryItems": "0", "nonRecurring": "0", "otherItems": "0", "incomeTaxExpense": "6254000", "totalOtherIncomeExpense": "0", "discontinuedOperations": "0", "netIncomeFromContinuingOperations": "10562000", "netIncomeApplicableToCommonShares": "10562000", "preferredStockAndOtherAdjustments": "None"}, {"fiscalDateEnding": "2016-03-31", "reportedCurrency": "USD", "totalRevenue": "210971000", "totalOperatingExpense": "33988000", "costOfRevenue": "160694000", "grossProfit": "50277000", "ebit": "15729000", "netIncome": "8659000", "researchAndDevelopment": "0", "effectOfAccountingCharges": "0", "incomeBeforeTax": "14323000", "minorityInterest": "0", "sellingGeneralAdministrative": "33988000", "otherNonOperatingIncome": "-560000", "operatingIncome": "16289000", "otherOperatingExpense": "0", "interestExpense": "1406000", "taxProvision": "None", "interestIncome": "None", "netInterestIncome": "None", "extraordinaryItems": "0", "nonRecurring": "0", "otherItems": "0", "incomeTaxExpense": "5664000", "totalOtherIncomeExpense": "0", "discontinuedOperations": "0", "netIncomeFromContinuingOperations": "8659000", "netIncomeApplicableToCommonShares": "8659000", "preferredStockAndOtherAdjustments": "None"}, {"fiscalDateEnding": "2015-12-31", "reportedCurrency": "USD", "totalRevenue": "224431000", "totalOperatingExpense": "34342000", "costOfRevenue": "175694000", "grossProfit": "48737000", "ebit": "19095000", "netIncome": "11384000", "researchAndDevelopment": "8590000", "effectOfAccountingCharges": "0", "incomeBeforeTax": "17513000", "minorityInterest": "0", "sellingGeneralAdministrative": "34342000", "otherNonOperatingIncome": "4700000", "operatingIncome": "14395000", "otherOperatingExpense": "0", "interestExpense": "1582000", "taxProvision": "None", "interestIncome": "None", "netInterestIncome": "None", "extraordinaryItems": "0", "nonRecurring": "0", "otherItems": "0", "incomeTaxExpense": "6129000", "totalOtherIncomeExpense": "-2401000", "discontinuedOperations": "0", "netIncomeFromContinuingOperations": "11384000", "netIncomeApplicableToCommonShares": "11384000", "preferredStockAndOtherAdjustments": "None"}, {"fiscalDateEnding": "2015-09-30", "reportedCurrency": "USD", "totalRevenue": "231614000", "totalOperatingExpense": "33939000", "costOfRevenue": "174105000", "grossProfit": "57509000", "ebit": "24492000", "netIncome": "14756000", "researchAndDevelopment": "0", "effectOfAccountingCharges": "0", "incomeBeforeTax": "22821000", "minorityInterest": "0", "sellingGeneralAdministrative": "33939000", "otherNonOperatingIncome": "922000", "operatingIncome": "23570000", "otherOperatingExpense": "0", "interestExpense": "1671000", "taxProvision": "None", "interestIncome": "None", "netInterestIncome": "None", "extraordinaryItems": "0", "nonRecurring": "0", "otherItems": "0", "incomeTaxExpense": "8065000", "totalOtherIncomeExpense": "0", "discontinuedOperations": "0", "netIncomeFromContinuingOperations": "14756000", "netIncomeApplicableToCommonShares": "14756000", "preferredStockAndOtherAdjustments": "None"}, {"fiscalDateEnding": "2015-06-30", "reportedCurrency": "USD", "totalRevenue": "215734000", "totalOperatingExpense": "34230000", "costOfRevenue": "165069000", "grossProfit": "50665000", "ebit": "16964000", "netIncome": "9710000", "researchAndDevelopment": "0", "effectOfAccountingCharges": "0", "incomeBeforeTax": "15116000", "minorityInterest": "0", "sellingGeneralAdministrative": "34230000", "otherNonOperatingIncome": "529000", "operatingIncome": "16435000", "otherOperatingExpense": "0", "interestExpense": "1848000", "taxProvision": "None", "interestIncome": "None", "netInterestIncome": "None", "extraordinaryItems": "0", "nonRecurring": "0", "otherItems": "0", "incomeTaxExpense": "5406000", "totalOtherIncomeExpense": "0", "discontinuedOperations": "0", "netIncomeFromContinuingOperations": "9710000", "netIncomeApplicableToCommonShares": "9710000", "preferredStockAndOtherAdjustments": "None"}]}