{"symbol": "ALGT", "annualReports": [{"fiscalDateEnding": "2019-12-31", "reportedCurrency": "USD", "totalRevenue": "1840965000", "totalOperatingExpense": "1477015000", "costOfRevenue": "1297260000", "grossProfit": "1840965000", "ebit": "373576000", "netIncome": "232117000", "researchAndDevelopment": "None", "effectOfAccountingCharges": "None", "incomeBeforeTax": "301247000", "minorityInterest": "None", "sellingGeneralAdministrative": "630203000", "otherNonOperatingIncome": "9626000", "operatingIncome": "363950000", "otherOperatingExpense": "846812000", "interestExpense": "72329000", "taxProvision": "69130000", "interestIncome": "12523000", "netInterestIncome": "-59806000", "extraordinaryItems": "None", "nonRecurring": "None", "otherItems": "None", "incomeTaxExpense": "69130000", "totalOtherIncomeExpense": "-2897000", "discontinuedOperations": "None", "netIncomeFromContinuingOperations": "232117000", "netIncomeApplicableToCommonShares": "232117000", "preferredStockAndOtherAdjustments": "None"}, {"fiscalDateEnding": "2018-12-31", "reportedCurrency": "USD", "totalRevenue": "1667447000", "totalOperatingExpense": "1423988000", "costOfRevenue": "1249959000", "grossProfit": "1667447000", "ebit": "253080000", "netIncome": "161802000", "researchAndDevelopment": "0", "effectOfAccountingCharges": "None", "incomeBeforeTax": "199318000", "minorityInterest": "None", "sellingGeneralAdministrative": "587921000", "otherNonOperatingIncome": "9621000", "operatingIncome": "243459000", "otherOperatingExpense": "836067000", "interestExpense": "53762000", "taxProvision": "37516000", "interestIncome": "9226000", "netInterestIncome": "-44536000", "extraordinaryItems": "None", "nonRecurring": "None", "otherItems": "None", "incomeTaxExpense": "37516000", "totalOtherIncomeExpense": "395000", "discontinuedOperations": "None", "netIncomeFromContinuingOperations": "161802000", "netIncomeApplicableToCommonShares": "161802000", "preferredStockAndOtherAdjustments": "None"}, {"fiscalDateEnding": "2017-12-31", "reportedCurrency": "USD", "totalRevenue": "1503778000", "totalOperatingExpense": "1276609000", "costOfRevenue": "1095805000", "grossProfit": "1503778000", "ebit": "234536000", "netIncome": "194902000", "researchAndDevelopment": "0", "effectOfAccountingCharges": "None", "incomeBeforeTax": "195546000", "minorityInterest": "None", "sellingGeneralAdministrative": "517150000", "otherNonOperatingIncome": "7367000", "operatingIncome": "227169000", "otherOperatingExpense": "724206000", "interestExpense": "38990000", "taxProvision": "644000", "interestIncome": "5808000", "netInterestIncome": "-33182000", "extraordinaryItems": "74738000", "nonRecurring": "35253000", "otherItems": "None", "incomeTaxExpense": "644000", "totalOtherIncomeExpense": "-33694000", "discontinuedOperations": "None", "netIncomeFromContinuingOperations": "194902000", "netIncomeApplicableToCommonShares": "194902000", "preferredStockAndOtherAdjustments": "None"}, {"fiscalDateEnding": "2016-12-31", "reportedCurrency": "USD", "totalRevenue": "1362831000", "totalOperatingExpense": "992273000", "costOfRevenue": "890568000", "grossProfit": "1362831000", "ebit": "374794000", "netIncome": "219590000", "researchAndDevelopment": "0", "effectOfAccountingCharges": "None", "incomeBeforeTax": "345958000", "minorityInterest": "None", "sellingGeneralAdministrative": "393679000", "otherNonOperatingIncome": "4236000", "operatingIncome": "370558000", "otherOperatingExpense": "598594000", "interestExpense": "28836000", "taxProvision": "126368000", "interestIncome": "3010000", "netInterestIncome": "-25826000", "extraordinaryItems": "None", "nonRecurring": "35253000", "otherItems": "None", "incomeTaxExpense": "126368000", "totalOtherIncomeExpense": "1226000", "discontinuedOperations": "None", "netIncomeFromContinuingOperations": "219590000", "netIncomeApplicableToCommonShares": "219590000", "preferredStockAndOtherAdjustments": "None"}, {"fiscalDateEnding": "2015-12-31", "reportedCurrency": "USD", "totalRevenue": "1262188000", "totalOperatingExpense": "884756000", "costOfRevenue": "373295000", "grossProfit": "888893000", "ebit": "376140000", "netIncome": "220374000", "researchAndDevelopment": "0", "effectOfAccountingCharges": "None", "incomeBeforeTax": "346719000", "minorityInterest": "-44000", "sellingGeneralAdministrative": "353445000", "otherNonOperatingIncome": "1527000", "operatingIncome": "371702000", "otherOperatingExpense": "573686000", "interestExpense": "26510000", "taxProvision": "126389000", "interestIncome": "-25119000", "netInterestIncome": "None", "extraordinaryItems": "None", "nonRecurring": "35253000", "otherItems": "None", "incomeTaxExpense": "126389000", "totalOtherIncomeExpense": "-29421000", "discontinuedOperations": "None", "netIncomeFromContinuingOperations": "220330000", "netIncomeApplicableToCommonShares": "219413000", "preferredStockAndOtherAdjustments": "None"}], "quarterlyReports": [{"fiscalDateEnding": "2020-06-30", "reportedCurrency": "USD", "totalRevenue": "133347000", "totalOperatingExpense": "246599000", "costOfRevenue": "207308000", "grossProfit": "133347000", "ebit": "-132363000", "netIncome": "-93103000", "researchAndDevelopment": "None", "effectOfAccountingCharges": "None", "incomeBeforeTax": "-146416000", "minorityInterest": "None", "sellingGeneralAdministrative": "127451000", "otherNonOperatingIncome": "-19111000", "operatingIncome": "-113252000", "otherOperatingExpense": "37979000", "interestExpense": "14053000", "taxProvision": "-53313000", "interestIncome": "1417000", "netInterestIncome": "-12636000", "extraordinaryItems": "None", "nonRecurring": "81169000", "otherItems": "None", "incomeTaxExpense": "-53313000", "totalOtherIncomeExpense": "-27158000", "discontinuedOperations": "None", "netIncomeFromContinuingOperations": "-93103000", "netIncomeApplicableToCommonShares": "-93103000", "preferredStockAndOtherAdjustments": "None"}, {"fiscalDateEnding": "2020-03-31", "reportedCurrency": "USD", "totalRevenue": "409181000", "totalOperatingExpense": "526986000", "costOfRevenue": "308914000", "grossProfit": "409181000", "ebit": "-116640000", "netIncome": "-33009000", "researchAndDevelopment": "None", "effectOfAccountingCharges": "None", "incomeBeforeTax": "-130726000", "minorityInterest": "None", "sellingGeneralAdministrative": "157818000", "otherNonOperatingIncome": "1165000", "operatingIncome": "-117805000", "otherOperatingExpense": "196268000", "interestExpense": "14086000", "taxProvision": "-97717000", "interestIncome": "2311000", "netInterestIncome": "-11775000", "extraordinaryItems": "None", "nonRecurring": "172900000", "otherItems": "None", "incomeTaxExpense": "-97717000", "totalOtherIncomeExpense": "-174046000", "discontinuedOperations": "None", "netIncomeFromContinuingOperations": "-33009000", "netIncomeApplicableToCommonShares": "-33009000", "preferredStockAndOtherAdjustments": "None"}, {"fiscalDateEnding": "2019-12-31", "reportedCurrency": "USD", "totalRevenue": "461075000", "totalOperatingExpense": "368424000", "costOfRevenue": "321479000", "grossProfit": "461075000", "ebit": "95876000", "netIncome": "60521000", "researchAndDevelopment": "None", "effectOfAccountingCharges": "None", "incomeBeforeTax": "78634000", "minorityInterest": "None", "sellingGeneralAdministrative": "179356000", "otherNonOperatingIncome": "3225000", "operatingIncome": "92651000", "otherOperatingExpense": "189068000", "interestExpense": "17242000", "taxProvision": "18113000", "interestIncome": "2485000", "netInterestIncome": "-14757000", "extraordinaryItems": "None", "nonRecurring": "None", "otherItems": "None", "incomeTaxExpense": "18113000", "totalOtherIncomeExpense": "739000", "discontinuedOperations": "None", "netIncomeFromContinuingOperations": "60521000", "netIncomeApplicableToCommonShares": "60521000", "preferredStockAndOtherAdjustments": "None"}, {"fiscalDateEnding": "2019-09-30", "reportedCurrency": "USD", "totalRevenue": "436509000", "totalOperatingExpense": "364393000", "costOfRevenue": "319895000", "grossProfit": "436509000", "ebit": "75508000", "netIncome": "43929000", "researchAndDevelopment": "None", "effectOfAccountingCharges": "None", "incomeBeforeTax": "56905000", "minorityInterest": "None", "sellingGeneralAdministrative": "152084000", "otherNonOperatingIncome": "3392000", "operatingIncome": "72116000", "otherOperatingExpense": "212309000", "interestExpense": "18603000", "taxProvision": "12976000", "interestIncome": "3335000", "netInterestIncome": "-15268000", "extraordinaryItems": "None", "nonRecurring": "None", "otherItems": "None", "incomeTaxExpense": "12976000", "totalOtherIncomeExpense": "57000", "discontinuedOperations": "None", "netIncomeFromContinuingOperations": "43929000", "netIncomeApplicableToCommonShares": "43929000", "preferredStockAndOtherAdjustments": "None"}, {"fiscalDateEnding": "2019-06-30", "reportedCurrency": "USD", "totalRevenue": "491759000", "totalOperatingExpense": "383654000", "costOfRevenue": "338820000", "grossProfit": "491759000", "ebit": "111693000", "netIncome": "70543000", "researchAndDevelopment": "None", "effectOfAccountingCharges": "None", "incomeBeforeTax": "91789000", "minorityInterest": "None", "sellingGeneralAdministrative": "158426000", "otherNonOperatingIncome": "3588000", "operatingIncome": "108105000", "otherOperatingExpense": "225228000", "interestExpense": "19904000", "taxProvision": "21246000", "interestIncome": "3502000", "netInterestIncome": "-16402000", "extraordinaryItems": "None", "nonRecurring": "None", "otherItems": "None", "incomeTaxExpense": "21246000", "totalOtherIncomeExpense": "86000", "discontinuedOperations": "None", "netIncomeFromContinuingOperations": "70543000", "netIncomeApplicableToCommonShares": "70543000", "preferredStockAndOtherAdjustments": "None"}, {"fiscalDateEnding": "2019-03-31", "reportedCurrency": "USD", "totalRevenue": "451622000", "totalOperatingExpense": "360544000", "costOfRevenue": "317064000", "grossProfit": "451622000", "ebit": "90499000", "netIncome": "57124000", "researchAndDevelopment": "None", "effectOfAccountingCharges": "None", "incomeBeforeTax": "73919000", "minorityInterest": "None", "sellingGeneralAdministrative": "140337000", "otherNonOperatingIncome": "-579000", "operatingIncome": "91078000", "otherOperatingExpense": "220207000", "interestExpense": "16580000", "taxProvision": "16795000", "interestIncome": "3201000", "netInterestIncome": "-13379000", "extraordinaryItems": "None", "nonRecurring": "None", "otherItems": "None", "incomeTaxExpense": "16795000", "totalOtherIncomeExpense": "-3780000", "discontinuedOperations": "None", "netIncomeFromContinuingOperations": "57124000", "netIncomeApplicableToCommonShares": "57124000", "preferredStockAndOtherAdjustments": "None"}, {"fiscalDateEnding": "2018-12-31", "reportedCurrency": "USD", "totalRevenue": "412114000", "totalOperatingExpense": "349026000", "costOfRevenue": "271892000", "grossProfit": "412114000", "ebit": "66042000", "netIncome": "41446000", "researchAndDevelopment": "0", "effectOfAccountingCharges": "0", "incomeBeforeTax": "52469000", "minorityInterest": "0", "sellingGeneralAdministrative": "146501000", "otherNonOperatingIncome": "2954000", "operatingIncome": "63088000", "otherOperatingExpense": "202525000", "interestExpense": "13573000", "taxProvision": "11022000", "interestIncome": "None", "netInterestIncome": "None", "extraordinaryItems": "0", "nonRecurring": "0", "otherItems": "0", "incomeTaxExpense": "11023000", "totalOtherIncomeExpense": "-12980000", "discontinuedOperations": "0", "netIncomeFromContinuingOperations": "41446000", "netIncomeApplicableToCommonShares": "41446000", "preferredStockAndOtherAdjustments": "None"}, {"fiscalDateEnding": "2018-09-30", "reportedCurrency": "USD", "totalRevenue": "393109000", "totalOperatingExpense": "366928000", "costOfRevenue": "289913000", "grossProfit": "393109000", "ebit": "28724000", "netIncome": "15147000", "researchAndDevelopment": "0", "effectOfAccountingCharges": "0", "incomeBeforeTax": "14415000", "minorityInterest": "0", "sellingGeneralAdministrative": "142963000", "otherNonOperatingIncome": "2543000", "operatingIncome": "26181000", "otherOperatingExpense": "223965000", "interestExpense": "14309000", "taxProvision": "None", "interestIncome": "None", "netInterestIncome": "None", "extraordinaryItems": "0", "nonRecurring": "0", "otherItems": "0", "incomeTaxExpense": "-732000", "totalOtherIncomeExpense": "-11766000", "discontinuedOperations": "0", "netIncomeFromContinuingOperations": "15147000", "netIncomeApplicableToCommonShares": "15147000", "preferredStockAndOtherAdjustments": "None"}, {"fiscalDateEnding": "2018-06-30", "reportedCurrency": "USD", "totalRevenue": "436780000", "totalOperatingExpense": "362558000", "costOfRevenue": "290338000", "grossProfit": "436780000", "ebit": "76199000", "netIncome": "50016000", "researchAndDevelopment": "0", "effectOfAccountingCharges": "0", "incomeBeforeTax": "63043000", "minorityInterest": "0", "sellingGeneralAdministrative": "144032000", "otherNonOperatingIncome": "1977000", "operatingIncome": "74222000", "otherOperatingExpense": "218526000", "interestExpense": "13156000", "taxProvision": "None", "interestIncome": "None", "netInterestIncome": "None", "extraordinaryItems": "0", "nonRecurring": "0", "otherItems": "0", "incomeTaxExpense": "13027000", "totalOtherIncomeExpense": "-11179000", "discontinuedOperations": "0", "netIncomeFromContinuingOperations": "50016000", "netIncomeApplicableToCommonShares": "50016000", "preferredStockAndOtherAdjustments": "None"}, {"fiscalDateEnding": "2018-03-31", "reportedCurrency": "USD", "totalRevenue": "425444000", "totalOperatingExpense": "345476000", "costOfRevenue": "275865000", "grossProfit": "425444000", "ebit": "82115000", "netIncome": "55193000", "researchAndDevelopment": "0", "effectOfAccountingCharges": "0", "incomeBeforeTax": "69391000", "minorityInterest": "0", "sellingGeneralAdministrative": "154425000", "otherNonOperatingIncome": "2147000", "operatingIncome": "79968000", "otherOperatingExpense": "191051000", "interestExpense": "12724000", "taxProvision": "None", "interestIncome": "None", "netInterestIncome": "None", "extraordinaryItems": "0", "nonRecurring": "0", "otherItems": "0", "incomeTaxExpense": "14198000", "totalOtherIncomeExpense": "-10448000", "discontinuedOperations": "0", "netIncomeFromContinuingOperations": "55193000", "netIncomeApplicableToCommonShares": "55193000", "preferredStockAndOtherAdjustments": "None"}, {"fiscalDateEnding": "2017-12-31", "reportedCurrency": "USD", "totalRevenue": "378558000", "totalOperatingExpense": "352389000", "costOfRevenue": "247627000", "grossProfit": "378558000", "ebit": "28090000", "netIncome": "82502000", "researchAndDevelopment": "0", "effectOfAccountingCharges": "0", "incomeBeforeTax": "16431000", "minorityInterest": "0", "sellingGeneralAdministrative": "134657000", "otherNonOperatingIncome": "1921000", "operatingIncome": "26169000", "otherOperatingExpense": "182479000", "interestExpense": "11659000", "taxProvision": "None", "interestIncome": "None", "netInterestIncome": "None", "extraordinaryItems": "0", "nonRecurring": "35253000", "otherItems": "0", "incomeTaxExpense": "-66071000", "totalOtherIncomeExpense": "-68216000", "discontinuedOperations": "0", "netIncomeFromContinuingOperations": "82502000", "netIncomeApplicableToCommonShares": "82502000", "preferredStockAndOtherAdjustments": "None"}, {"fiscalDateEnding": "2017-09-30", "reportedCurrency": "USD", "totalRevenue": "348769000", "totalOperatingExpense": "305853000", "costOfRevenue": "235763000", "grossProfit": "348769000", "ebit": "44770000", "netIncome": "22293000", "researchAndDevelopment": "0", "effectOfAccountingCharges": "0", "incomeBeforeTax": "34729000", "minorityInterest": "0", "sellingGeneralAdministrative": "126987000", "otherNonOperatingIncome": "1854000", "operatingIncome": "42916000", "otherOperatingExpense": "178866000", "interestExpense": "10041000", "taxProvision": "None", "interestIncome": "None", "netInterestIncome": "None", "extraordinaryItems": "0", "nonRecurring": "211518000", "otherItems": "0", "incomeTaxExpense": "12436000", "totalOtherIncomeExpense": "-1266000", "discontinuedOperations": "0", "netIncomeFromContinuingOperations": "22293000", "netIncomeApplicableToCommonShares": "22293000", "preferredStockAndOtherAdjustments": "None"}, {"fiscalDateEnding": "2017-06-30", "reportedCurrency": "USD", "totalRevenue": "400614000", "totalOperatingExpense": "315418000", "costOfRevenue": "247651000", "grossProfit": "400614000", "ebit": "87164000", "netIncome": "48475000", "researchAndDevelopment": "0", "effectOfAccountingCharges": "0", "incomeBeforeTax": "78275000", "minorityInterest": "0", "sellingGeneralAdministrative": "129859000", "otherNonOperatingIncome": "1968000", "operatingIncome": "85196000", "otherOperatingExpense": "185559000", "interestExpense": "8889000", "taxProvision": "None", "interestIncome": "None", "netInterestIncome": "None", "extraordinaryItems": "0", "nonRecurring": "-141012000", "otherItems": "0", "incomeTaxExpense": "29800000", "totalOtherIncomeExpense": "-144000", "discontinuedOperations": "0", "netIncomeFromContinuingOperations": "48475000", "netIncomeApplicableToCommonShares": "48475000", "preferredStockAndOtherAdjustments": "None"}, {"fiscalDateEnding": "2017-03-31", "reportedCurrency": "USD", "totalRevenue": "375837000", "totalOperatingExpense": "302949000", "costOfRevenue": "243051000", "grossProfit": "375837000", "ebit": "74512000", "netIncome": "41632000", "researchAndDevelopment": "0", "effectOfAccountingCharges": "0", "incomeBeforeTax": "66111000", "minorityInterest": "0", "sellingGeneralAdministrative": "125647000", "otherNonOperatingIncome": "1624000", "operatingIncome": "72888000", "otherOperatingExpense": "177302000", "interestExpense": "8401000", "taxProvision": "None", "interestIncome": "None", "netInterestIncome": "None", "extraordinaryItems": "0", "nonRecurring": "35253000", "otherItems": "0", "incomeTaxExpense": "24479000", "totalOtherIncomeExpense": "-6777000", "discontinuedOperations": "0", "netIncomeFromContinuingOperations": "41632000", "netIncomeApplicableToCommonShares": "41632000", "preferredStockAndOtherAdjustments": "None"}, {"fiscalDateEnding": "2016-12-31", "reportedCurrency": "USD", "totalRevenue": "335884000", "totalOperatingExpense": "267768000", "costOfRevenue": "211945000", "grossProfit": "335884000", "ebit": "69278000", "netIncome": "41310000", "researchAndDevelopment": "0", "effectOfAccountingCharges": "0", "incomeBeforeTax": "62009000", "minorityInterest": "0", "sellingGeneralAdministrative": "107359000", "otherNonOperatingIncome": "1162000", "operatingIncome": "68116000", "otherOperatingExpense": "160409000", "interestExpense": "7269000", "taxProvision": "None", "interestIncome": "None", "netInterestIncome": "None", "extraordinaryItems": "0", "nonRecurring": "35253000", "otherItems": "0", "incomeTaxExpense": "20699000", "totalOtherIncomeExpense": "-25687000", "discontinuedOperations": "0", "netIncomeFromContinuingOperations": "41310000", "netIncomeApplicableToCommonShares": "41310000", "preferredStockAndOtherAdjustments": "None"}, {"fiscalDateEnding": "2016-09-30", "reportedCurrency": "USD", "totalRevenue": "333481000", "totalOperatingExpense": "256641000", "costOfRevenue": "201717000", "grossProfit": "333481000", "ebit": "77929000", "netIncome": "45453000", "researchAndDevelopment": "0", "effectOfAccountingCharges": "0", "incomeBeforeTax": "70991000", "minorityInterest": "0", "sellingGeneralAdministrative": "102468000", "otherNonOperatingIncome": "1089000", "operatingIncome": "76840000", "otherOperatingExpense": "154173000", "interestExpense": "6938000", "taxProvision": "None", "interestIncome": "None", "netInterestIncome": "None", "extraordinaryItems": "0", "nonRecurring": "0", "otherItems": "0", "incomeTaxExpense": "25538000", "totalOtherIncomeExpense": "533000", "discontinuedOperations": "0", "netIncomeFromContinuingOperations": "45453000", "netIncomeApplicableToCommonShares": "45453000", "preferredStockAndOtherAdjustments": "None"}, {"fiscalDateEnding": "2016-06-30", "reportedCurrency": "USD", "totalRevenue": "344851000", "totalOperatingExpense": "240375000", "costOfRevenue": "191364000", "grossProfit": "344851000", "ebit": "105486000", "netIncome": "60847000", "researchAndDevelopment": "0", "effectOfAccountingCharges": "0", "incomeBeforeTax": "98096000", "minorityInterest": "0", "sellingGeneralAdministrative": "92166000", "otherNonOperatingIncome": "1010000", "operatingIncome": "104476000", "otherOperatingExpense": "148209000", "interestExpense": "7390000", "taxProvision": "None", "interestIncome": "None", "netInterestIncome": "None", "extraordinaryItems": "0", "nonRecurring": "0", "otherItems": "0", "incomeTaxExpense": "37249000", "totalOtherIncomeExpense": "-117000", "discontinuedOperations": "0", "netIncomeFromContinuingOperations": "60847000", "netIncomeApplicableToCommonShares": "60847000", "preferredStockAndOtherAdjustments": "None"}, {"fiscalDateEnding": "2016-03-31", "reportedCurrency": "USD", "totalRevenue": "348615000", "totalOperatingExpense": "227489000", "costOfRevenue": "180326000", "grossProfit": "348615000", "ebit": "122101000", "netIncome": "71980000", "researchAndDevelopment": "0", "effectOfAccountingCharges": "0", "incomeBeforeTax": "114862000", "minorityInterest": "0", "sellingGeneralAdministrative": "91686000", "otherNonOperatingIncome": "975000", "operatingIncome": "121126000", "otherOperatingExpense": "135803000", "interestExpense": "7239000", "taxProvision": "None", "interestIncome": "None", "netInterestIncome": "None", "extraordinaryItems": "0", "nonRecurring": "0", "otherItems": "0", "incomeTaxExpense": "42882000", "totalOtherIncomeExpense": "-6264000", "discontinuedOperations": "0", "netIncomeFromContinuingOperations": "71980000", "netIncomeApplicableToCommonShares": "71980000", "preferredStockAndOtherAdjustments": "None"}, {"fiscalDateEnding": "2015-12-31", "reportedCurrency": "USD", "totalRevenue": "310890000", "totalOperatingExpense": "217124000", "costOfRevenue": "169939000", "grossProfit": "310889000", "ebit": "96358000", "netIncome": "56709000", "researchAndDevelopment": "0", "effectOfAccountingCharges": "0", "incomeBeforeTax": "88245000", "minorityInterest": "0", "sellingGeneralAdministrative": "81369000", "otherNonOperatingIncome": "2593000", "operatingIncome": "93762000", "otherOperatingExpense": "135755000", "interestExpense": "47040000", "taxProvision": "None", "interestIncome": "None", "netInterestIncome": "None", "extraordinaryItems": "0", "nonRecurring": "35253000", "otherItems": "0", "incomeTaxExpense": "31536000", "totalOtherIncomeExpense": "-35742000", "discontinuedOperations": "0", "netIncomeFromContinuingOperations": "56710000", "netIncomeApplicableToCommonShares": "56709000", "preferredStockAndOtherAdjustments": "None"}, {"fiscalDateEnding": "2015-09-30", "reportedCurrency": "USD", "totalRevenue": "299956000", "totalOperatingExpense": "222874000", "costOfRevenue": "179757000", "grossProfit": "299956000", "ebit": "76714000", "netIncome": "44458000", "researchAndDevelopment": "0", "effectOfAccountingCharges": "0", "incomeBeforeTax": "70763000", "minorityInterest": "0", "sellingGeneralAdministrative": "77738000", "otherNonOperatingIncome": "-368000", "operatingIncome": "77082000", "otherOperatingExpense": "145136000", "interestExpense": "-6687000", "taxProvision": "None", "interestIncome": "None", "netInterestIncome": "None", "extraordinaryItems": "0", "nonRecurring": "0", "otherItems": "0", "incomeTaxExpense": "26305000", "totalOtherIncomeExpense": "-99000", "discontinuedOperations": "0", "netIncomeFromContinuingOperations": "44458000", "netIncomeApplicableToCommonShares": "44458000", "preferredStockAndOtherAdjustments": "None"}, {"fiscalDateEnding": "2015-06-30", "reportedCurrency": "USD", "totalRevenue": "322100000", "totalOperatingExpense": "229346000", "costOfRevenue": "181554000", "grossProfit": "322102000", "ebit": "92159000", "netIncome": "54338000", "researchAndDevelopment": "0", "effectOfAccountingCharges": "0", "incomeBeforeTax": "86335000", "minorityInterest": "0", "sellingGeneralAdministrative": "76486000", "otherNonOperatingIncome": "-597000", "operatingIncome": "92755000", "otherOperatingExpense": "152860000", "interestExpense": "-7017000", "taxProvision": "None", "interestIncome": "None", "netInterestIncome": "None", "extraordinaryItems": "0", "nonRecurring": "0", "otherItems": "0", "incomeTaxExpense": "31997000", "totalOtherIncomeExpense": "-305000", "discontinuedOperations": "0", "netIncomeFromContinuingOperations": "54339000", "netIncomeApplicableToCommonShares": "54338000", "preferredStockAndOtherAdjustments": "None"}]}