{"symbol": "ACB", "annualReports": [{"fiscalDateEnding": "2019-06-30", "reportedCurrency": "CAD", "totalRevenue": "247939000", "totalOperatingExpense": "544966000", "costOfRevenue": "88124000", "grossProfit": "159815000", "ebit": "-198947000", "netIncome": "-290837000", "researchAndDevelopment": "14778000", "effectOfAccountingCharges": "0", "incomeBeforeTax": "-328231000", "minorityInterest": "4410000", "sellingGeneralAdministrative": "378693000", "otherNonOperatingIncome": "0", "operatingIncome": "-297027000", "otherOperatingExpense": "0", "interestExpense": "41025000", "taxProvision": "-30307000", "interestIncome": "3679000", "netInterestIncome": "-37346000", "extraordinaryItems": "0", "nonRecurring": "0", "otherItems": "0", "incomeTaxExpense": "-30307000", "totalOtherIncomeExpense": "6142000", "discontinuedOperations": "0", "netIncomeFromContinuingOperations": "-297924000", "netIncomeApplicableToCommonShares": "-290837000", "preferredStockAndOtherAdjustments": "0"}, {"fiscalDateEnding": "2018-06-30", "reportedCurrency": "CAD", "totalRevenue": "55196000", "totalOperatingExpense": "135304000", "costOfRevenue": "11677000", "grossProfit": "43519000", "ebit": "91868000", "netIncome": "71936000", "researchAndDevelopment": "1679000", "effectOfAccountingCharges": "0", "incomeBeforeTax": "77326000", "minorityInterest": "4562000", "sellingGeneralAdministrative": "109860000", "otherNonOperatingIncome": "0", "operatingIncome": "-80108000", "otherOperatingExpense": "0", "interestExpense": "2282000", "taxProvision": "8100000", "interestIncome": "2514000", "netInterestIncome": "-10648000", "extraordinaryItems": "0", "nonRecurring": "0", "otherItems": "0", "incomeTaxExpense": "8100000", "totalOtherIncomeExpense": "168082000", "discontinuedOperations": "0", "netIncomeFromContinuingOperations": "69227000", "netIncomeApplicableToCommonShares": "71936000", "preferredStockAndOtherAdjustments": "0"}, {"fiscalDateEnding": "2017-06-30", "reportedCurrency": "CAD", "totalRevenue": "18067000", "totalOperatingExpense": "27708000", "costOfRevenue": "2011000", "grossProfit": "16056000", "ebit": "-14885000", "netIncome": "-12968000", "researchAndDevelopment": "314000", "effectOfAccountingCharges": "0", "incomeBeforeTax": "-17264000", "minorityInterest": "4562000", "sellingGeneralAdministrative": "24667000", "otherNonOperatingIncome": "0", "operatingIncome": "-9641000", "otherOperatingExpense": "0", "interestExpense": "1292000", "taxProvision": "-4296000", "interestIncome": "861000", "netInterestIncome": "-5721000", "extraordinaryItems": "0", "nonRecurring": "0", "otherItems": "0", "incomeTaxExpense": "-4296000", "totalOtherIncomeExpense": "-1902000", "discontinuedOperations": "0", "netIncomeFromContinuingOperations": "-12968000", "netIncomeApplicableToCommonShares": "-12968000", "preferredStockAndOtherAdjustments": "0"}, {"fiscalDateEnding": "2016-06-30", "reportedCurrency": "USD", "totalRevenue": "1439270", "totalOperatingExpense": "6029973", "costOfRevenue": "2241150", "grossProfit": "-801880", "ebit": "-4660008", "netIncome": "-5723510", "researchAndDevelopment": "565140", "effectOfAccountingCharges": "0", "incomeBeforeTax": "-5872340", "minorityInterest": "4562000", "sellingGeneralAdministrative": "5634580", "otherNonOperatingIncome": "0", "operatingIncome": "-4590700", "otherOperatingExpense": "0", "interestExpense": "619119", "taxProvision": "-148840", "interestIncome": "-457260", "netInterestIncome": "-1370723", "extraordinaryItems": "0", "nonRecurring": "0", "otherItems": "0", "incomeTaxExpense": "-149000", "totalOtherIncomeExpense": "89082", "discontinuedOperations": "0", "netIncomeFromContinuingOperations": "-5723506", "netIncomeApplicableToCommonShares": "-5723000", "preferredStockAndOtherAdjustments": "0"}, {"fiscalDateEnding": "2015-06-30", "reportedCurrency": "USD", "totalRevenue": "0", "totalOperatingExpense": "4367176", "costOfRevenue": "0", "grossProfit": "0", "ebit": "-4367176", "netIncome": "-9518369", "researchAndDevelopment": "432384", "effectOfAccountingCharges": "0", "incomeBeforeTax": "-9726077", "minorityInterest": "4562000", "sellingGeneralAdministrative": "2757409", "otherNonOperatingIncome": "0", "operatingIncome": "-4367176", "otherOperatingExpense": "0", "interestExpense": "-291135", "taxProvision": "None", "interestIncome": "None", "netInterestIncome": "None", "extraordinaryItems": "0", "nonRecurring": "0", "otherItems": "0", "incomeTaxExpense": "-207708", "totalOtherIncomeExpense": "-5358901", "discontinuedOperations": "0", "netIncomeFromContinuingOperations": "-9518369", "netIncomeApplicableToCommonShares": "-9518369", "preferredStockAndOtherAdjustments": "0"}], "quarterlyReports": [{"fiscalDateEnding": "2020-03-31", "reportedCurrency": "CAD", "totalRevenue": "75520000", "totalOperatingExpense": "157788000", "costOfRevenue": "48115000", "grossProfit": "27405000", "ebit": "-112945000", "netIncome": "-137395000", "researchAndDevelopment": "5601000", "effectOfAccountingCharges": "None", "incomeBeforeTax": "-147178000", "minorityInterest": "-19813000", "sellingGeneralAdministrative": "89351000", "otherNonOperatingIncome": "None", "operatingIncome": "-82268000", "otherOperatingExpense": "None", "interestExpense": "6678000", "taxProvision": "-9815000", "interestIncome": "2197000", "netInterestIncome": "-4481000", "extraordinaryItems": "None", "nonRecurring": "None", "otherItems": "None", "incomeTaxExpense": "-9815000", "totalOtherIncomeExpense": "-60429000", "discontinuedOperations": "None", "netIncomeFromContinuingOperations": "-137363000", "netIncomeApplicableToCommonShares": "-137395000", "preferredStockAndOtherAdjustments": "None"}, {"fiscalDateEnding": "2020-01-31", "reportedCurrency": "CAD", "totalRevenue": "75520000", "totalOperatingExpense": "157788000", "costOfRevenue": "48115000", "grossProfit": "27405000", "ebit": "-112945000", "netIncome": "-137395000", "researchAndDevelopment": "5601000", "effectOfAccountingCharges": "None", "incomeBeforeTax": "-147178000", "minorityInterest": "-19813000", "sellingGeneralAdministrative": "89351000", "otherNonOperatingIncome": "None", "operatingIncome": "-82268000", "otherOperatingExpense": "None", "interestExpense": "6678000", "taxProvision": "-9815000", "interestIncome": "2197000", "netInterestIncome": "-4481000", "extraordinaryItems": "None", "nonRecurring": "None", "otherItems": "None", "incomeTaxExpense": "-9815000", "totalOtherIncomeExpense": "-60429000", "discontinuedOperations": "None", "netIncomeFromContinuingOperations": "-137363000", "netIncomeApplicableToCommonShares": "-137395000", "preferredStockAndOtherAdjustments": "None"}, {"fiscalDateEnding": "2019-12-31", "reportedCurrency": "CAD", "totalRevenue": "56027000", "totalOperatingExpense": "173579000", "costOfRevenue": "26112000", "grossProfit": "29915000", "ebit": "-1274706000", "netIncome": "-1286129000", "researchAndDevelopment": "6775000", "effectOfAccountingCharges": "None", "incomeBeforeTax": "-1330177000", "minorityInterest": "-19845000", "sellingGeneralAdministrative": "119845000", "otherNonOperatingIncome": "None", "operatingIncome": "-117552000", "otherOperatingExpense": "None", "interestExpense": "23877000", "taxProvision": "-24279000", "interestIncome": "2194000", "netInterestIncome": "-21683000", "extraordinaryItems": "None", "nonRecurring": "None", "otherItems": "None", "incomeTaxExpense": "-24279000", "totalOtherIncomeExpense": "-1190942000", "discontinuedOperations": "None", "netIncomeFromContinuingOperations": "-1305898000", "netIncomeApplicableToCommonShares": "-1286129000", "preferredStockAndOtherAdjustments": "None"}, {"fiscalDateEnding": "2019-10-31", "reportedCurrency": "CAD", "totalRevenue": "56027000", "totalOperatingExpense": "173579000", "costOfRevenue": "26112000", "grossProfit": "29915000", "ebit": "-1274706000", "netIncome": "-1286129000", "researchAndDevelopment": "6775000", "effectOfAccountingCharges": "None", "incomeBeforeTax": "-1330177000", "minorityInterest": "-19845000", "sellingGeneralAdministrative": "119845000", "otherNonOperatingIncome": "None", "operatingIncome": "-117552000", "otherOperatingExpense": "None", "interestExpense": "23877000", "taxProvision": "-24279000", "interestIncome": "2194000", "netInterestIncome": "-21683000", "extraordinaryItems": "None", "nonRecurring": "None", "otherItems": "None", "incomeTaxExpense": "-24279000", "totalOtherIncomeExpense": "-1190942000", "discontinuedOperations": "None", "netIncomeFromContinuingOperations": "-1305898000", "netIncomeApplicableToCommonShares": "-1286129000", "preferredStockAndOtherAdjustments": "None"}, {"fiscalDateEnding": "2019-09-30", "reportedCurrency": "CAD", "totalRevenue": "75245000", "totalOperatingExpense": "151683000", "costOfRevenue": "21537000", "grossProfit": "53708000", "ebit": "77246000", "netIncome": "12756000", "researchAndDevelopment": "6048000", "effectOfAccountingCharges": "None", "incomeBeforeTax": "29611000", "minorityInterest": "-76000", "sellingGeneralAdministrative": "105889000", "otherNonOperatingIncome": "None", "operatingIncome": "-76438000", "otherOperatingExpense": "None", "interestExpense": "17911000", "taxProvision": "19241000", "interestIncome": "977000", "netInterestIncome": "-16934000", "extraordinaryItems": "None", "nonRecurring": "None", "otherItems": "None", "incomeTaxExpense": "19241000", "totalOtherIncomeExpense": "122983000", "discontinuedOperations": "None", "netIncomeFromContinuingOperations": "10370000", "netIncomeApplicableToCommonShares": "12756000", "preferredStockAndOtherAdjustments": "None"}, {"fiscalDateEnding": "2019-07-31", "reportedCurrency": "CAD", "totalRevenue": "75245000", "totalOperatingExpense": "151683000", "costOfRevenue": "21537000", "grossProfit": "53708000", "ebit": "77246000", "netIncome": "12756000", "researchAndDevelopment": "6048000", "effectOfAccountingCharges": "None", "incomeBeforeTax": "29611000", "minorityInterest": "-76000", "sellingGeneralAdministrative": "105889000", "otherNonOperatingIncome": "None", "operatingIncome": "-76438000", "otherOperatingExpense": "None", "interestExpense": "17911000", "taxProvision": "19241000", "interestIncome": "977000", "netInterestIncome": "-16934000", "extraordinaryItems": "None", "nonRecurring": "None", "otherItems": "None", "incomeTaxExpense": "19241000", "totalOtherIncomeExpense": "122983000", "discontinuedOperations": "None", "netIncomeFromContinuingOperations": "10370000", "netIncomeApplicableToCommonShares": "12756000", "preferredStockAndOtherAdjustments": "None"}, {"fiscalDateEnding": "2019-06-30", "reportedCurrency": "CAD", "totalRevenue": "98942000", "totalOperatingExpense": "149144000", "costOfRevenue": "31941000", "grossProfit": "67001000", "ebit": "37328000", "netIncome": "-193000", "researchAndDevelopment": "6025000", "effectOfAccountingCharges": "0", "incomeBeforeTax": "12136000", "minorityInterest": "4410000", "sellingGeneralAdministrative": "100374000", "otherNonOperatingIncome": "0", "operatingIncome": "-50202000", "otherOperatingExpense": "0", "interestExpense": "8297000", "taxProvision": "14404000", "interestIncome": "875000", "netInterestIncome": "-7422000", "extraordinaryItems": "0", "nonRecurring": "0", "otherItems": "0", "incomeTaxExpense": "14404000", "totalOtherIncomeExpense": "69760000", "discontinuedOperations": "0", "netIncomeFromContinuingOperations": "-2268000", "netIncomeApplicableToCommonShares": "-193000", "preferredStockAndOtherAdjustments": "0"}, {"fiscalDateEnding": "2019-04-30", "reportedCurrency": "CAD", "totalRevenue": "98942000", "totalOperatingExpense": "149144000", "costOfRevenue": "31941000", "grossProfit": "67001000", "ebit": "37328000", "netIncome": "-193000", "researchAndDevelopment": "6025000", "effectOfAccountingCharges": "None", "incomeBeforeTax": "12136000", "minorityInterest": "4410000", "sellingGeneralAdministrative": "100374000", "otherNonOperatingIncome": "None", "operatingIncome": "-50202000", "otherOperatingExpense": "None", "interestExpense": "8297000", "taxProvision": "14404000", "interestIncome": "875000", "netInterestIncome": "-7422000", "extraordinaryItems": "None", "nonRecurring": "None", "otherItems": "None", "incomeTaxExpense": "14404000", "totalOtherIncomeExpense": "69760000", "discontinuedOperations": "None", "netIncomeFromContinuingOperations": "-2268000", "netIncomeApplicableToCommonShares": "-193000", "preferredStockAndOtherAdjustments": "None"}, {"fiscalDateEnding": "2019-03-31", "reportedCurrency": "CAD", "totalRevenue": "65145000", "totalOperatingExpense": "140579000", "costOfRevenue": "46321000", "grossProfit": "18824000", "ebit": "-125745000", "netIncome": "-158354000", "researchAndDevelopment": "3516000", "effectOfAccountingCharges": "0", "incomeBeforeTax": "-169121000", "minorityInterest": "5819000", "sellingGeneralAdministrative": "106358000", "otherNonOperatingIncome": "0", "operatingIncome": "-86413000", "otherOperatingExpense": "0", "interestExpense": "13993000", "taxProvision": "-8926000", "interestIncome": "-81455000", "netInterestIncome": "-12067000", "extraordinaryItems": "0", "nonRecurring": "0", "otherItems": "0", "incomeTaxExpense": "-8926000", "totalOtherIncomeExpense": "-81620000", "discontinuedOperations": "0", "netIncomeFromContinuingOperations": "-160195000", "netIncomeApplicableToCommonShares": "-158354000", "preferredStockAndOtherAdjustments": "0"}, {"fiscalDateEnding": "2018-12-31", "reportedCurrency": "USD", "totalRevenue": "39725766.24", "totalOperatingExpense": "94351077.87", "costOfRevenue": "16157794.40", "grossProfit": "23567971.84", "ebit": "-54625311.63", "netIncome": "-174330547", "researchAndDevelopment": "1327907.32", "effectOfAccountingCharges": "0", "incomeBeforeTax": "-205279366.48", "minorityInterest": "5616659.33", "sellingGeneralAdministrative": "48659627.51", "otherNonOperatingIncome": "0", "operatingIncome": "-54625311.63", "otherOperatingExpense": "0", "interestExpense": "-7484968.47", "taxProvision": "None", "interestIncome": "None", "netInterestIncome": "None", "extraordinaryItems": "0", "nonRecurring": "0", "otherItems": "0", "incomeTaxExpense": "-29562985.78", "totalOtherIncomeExpense": "-150654054.85", "discontinuedOperations": "0", "netIncomeFromContinuingOperations": "-175716380.70", "netIncomeApplicableToCommonShares": "-174330547", "preferredStockAndOtherAdjustments": "0"}, {"fiscalDateEnding": "2018-09-30", "reportedCurrency": "USD", "totalRevenue": "29674000", "totalOperatingExpense": "126567000", "costOfRevenue": "21624000", "grossProfit": "8050000", "ebit": "-96893000", "netIncome": "105462000", "researchAndDevelopment": "3426000", "effectOfAccountingCharges": "0", "incomeBeforeTax": "108714000", "minorityInterest": "3398000", "sellingGeneralAdministrative": "65319000", "otherNonOperatingIncome": "0", "operatingIncome": "-96893000", "otherOperatingExpense": "0", "interestExpense": "-8362000", "taxProvision": "None", "interestIncome": "None", "netInterestIncome": "None", "extraordinaryItems": "0", "nonRecurring": "0", "otherItems": "0", "incomeTaxExpense": "4533000", "totalOtherIncomeExpense": "205607000", "discontinuedOperations": "0", "netIncomeFromContinuingOperations": "104181000", "netIncomeApplicableToCommonShares": "105462000", "preferredStockAndOtherAdjustments": "0"}, {"fiscalDateEnding": "2018-06-30", "reportedCurrency": "USD", "totalRevenue": "19147000", "totalOperatingExpense": "58862000", "costOfRevenue": "-1460000", "grossProfit": "20607000", "ebit": "-39715000", "netIncome": "79869000", "researchAndDevelopment": "923000", "effectOfAccountingCharges": "0", "incomeBeforeTax": "84643000", "minorityInterest": "4562000", "sellingGeneralAdministrative": "37318000", "otherNonOperatingIncome": "0", "operatingIncome": "-39715000", "otherOperatingExpense": "0", "interestExpense": "-8021000", "taxProvision": "None", "interestIncome": "None", "netInterestIncome": "None", "extraordinaryItems": "0", "nonRecurring": "0", "otherItems": "0", "incomeTaxExpense": "5376000", "totalOtherIncomeExpense": "124358000", "discontinuedOperations": "0", "netIncomeFromContinuingOperations": "79267000", "netIncomeApplicableToCommonShares": "79869000", "preferredStockAndOtherAdjustments": "0"}, {"fiscalDateEnding": "2018-03-31", "reportedCurrency": "USD", "totalRevenue": "16100000", "totalOperatingExpense": "41110000", "costOfRevenue": "8485000", "grossProfit": "7615000", "ebit": "-25010000", "netIncome": "-19215000", "researchAndDevelopment": "477000", "effectOfAccountingCharges": "None", "incomeBeforeTax": "-21968000", "minorityInterest": "10704000", "sellingGeneralAdministrative": "15727000", "otherNonOperatingIncome": "None", "operatingIncome": "-25010000", "otherOperatingExpense": "None", "interestExpense": "-1893000", "taxProvision": "None", "interestIncome": "None", "netInterestIncome": "None", "extraordinaryItems": "None", "nonRecurring": "None", "otherItems": "None", "incomeTaxExpense": "-1173000", "totalOtherIncomeExpense": "3042000", "discontinuedOperations": "None", "netIncomeFromContinuingOperations": "-20795000", "netIncomeApplicableToCommonShares": "-19215000", "preferredStockAndOtherAdjustments": "None"}, {"fiscalDateEnding": "2017-12-31", "reportedCurrency": "USD", "totalRevenue": "9326424.87", "totalOperatingExpense": "20730171.38", "costOfRevenue": "3993622.96", "grossProfit": "5170187.33", "ebit": "-11403746.51", "netIncome": "6155440.41", "researchAndDevelopment": "137106.42", "effectOfAccountingCharges": "0", "incomeBeforeTax": "7962534.87", "minorityInterest": "5414906.34", "sellingGeneralAdministrative": "16207253.89", "otherNonOperatingIncome": "None", "operatingIncome": "-11403746.51", "otherOperatingExpense": "0", "interestExpense": "1323236.35", "taxProvision": "None", "interestIncome": "None", "netInterestIncome": "None", "extraordinaryItems": "0", "nonRecurring": "0", "otherItems": "0", "incomeTaxExpense": "2227182.14", "totalOtherIncomeExpense": "19365484.26", "discontinuedOperations": "0", "netIncomeFromContinuingOperations": "5734555.60", "netIncomeApplicableToCommonShares": "6155440.41", "preferredStockAndOtherAdjustments": "None"}, {"fiscalDateEnding": "2017-09-30", "reportedCurrency": "USD", "totalRevenue": "6594451.99", "totalOperatingExpense": "7456231.51", "costOfRevenue": "-448477.10", "grossProfit": "7042929.09", "ebit": "-861779.52", "netIncome": "2845950.92", "researchAndDevelopment": "85538.41", "effectOfAccountingCharges": "0", "incomeBeforeTax": "3727716.04", "minorityInterest": "5430490.05", "sellingGeneralAdministrative": "7397873.53", "otherNonOperatingIncome": "None", "operatingIncome": "-861779.52", "otherOperatingExpense": "0", "interestExpense": "1611639.62", "taxProvision": "None", "interestIncome": "None", "netInterestIncome": "None", "extraordinaryItems": "0", "nonRecurring": "0", "otherItems": "0", "incomeTaxExpense": "881765.13", "totalOtherIncomeExpense": "4589495.56", "discontinuedOperations": "0", "netIncomeFromContinuingOperations": "2845950.92", "netIncomeApplicableToCommonShares": "2845950.92", "preferredStockAndOtherAdjustments": "None"}, {"fiscalDateEnding": "2017-06-30", "reportedCurrency": "USD", "totalRevenue": "4578480.52", "totalOperatingExpense": "0", "costOfRevenue": "0", "grossProfit": "0", "ebit": "0", "netIncome": "0", "researchAndDevelopment": "94870.81", "effectOfAccountingCharges": "0", "incomeBeforeTax": "0", "minorityInterest": "0", "sellingGeneralAdministrative": "6366371", "otherNonOperatingIncome": "None", "operatingIncome": "0", "otherOperatingExpense": "0", "interestExpense": "1410721.17", "taxProvision": "None", "interestIncome": "None", "netInterestIncome": "None", "extraordinaryItems": "0", "nonRecurring": "0", "otherItems": "0", "incomeTaxExpense": "0", "totalOtherIncomeExpense": "0", "discontinuedOperations": "0", "netIncomeFromContinuingOperations": "0", "netIncomeApplicableToCommonShares": "0", "preferredStockAndOtherAdjustments": "None"}, {"fiscalDateEnding": "2017-03-31", "reportedCurrency": "USD", "totalRevenue": "3887177.95", "totalOperatingExpense": "0", "costOfRevenue": "0", "grossProfit": "0", "ebit": "0", "netIncome": "104409.22", "researchAndDevelopment": "39059.57", "effectOfAccountingCharges": "0", "incomeBeforeTax": "208818.45", "minorityInterest": "0", "sellingGeneralAdministrative": "5562983.55", "otherNonOperatingIncome": "None", "operatingIncome": "0", "otherOperatingExpense": "0", "interestExpense": "962968.53", "taxProvision": "None", "interestIncome": "None", "netInterestIncome": "None", "extraordinaryItems": "0", "nonRecurring": "0", "otherItems": "0", "incomeTaxExpense": "104409.22", "totalOtherIncomeExpense": "0", "discontinuedOperations": "0", "netIncomeFromContinuingOperations": "0", "netIncomeApplicableToCommonShares": "104409.22", "preferredStockAndOtherAdjustments": "None"}, {"fiscalDateEnding": "2016-12-31", "reportedCurrency": "USD", "totalRevenue": "2891055.22", "totalOperatingExpense": "0", "costOfRevenue": "0", "grossProfit": "0", "ebit": "0", "netIncome": "0", "researchAndDevelopment": "73671.68", "effectOfAccountingCharges": "0", "incomeBeforeTax": "0", "minorityInterest": "0", "sellingGeneralAdministrative": "4889120.40", "otherNonOperatingIncome": "None", "operatingIncome": "0", "otherOperatingExpense": "0", "interestExpense": "1340973.36", "taxProvision": "None", "interestIncome": "None", "netInterestIncome": "None", "extraordinaryItems": "0", "nonRecurring": "0", "otherItems": "0", "incomeTaxExpense": "0", "totalOtherIncomeExpense": "0", "discontinuedOperations": "0", "netIncomeFromContinuingOperations": "0", "netIncomeApplicableToCommonShares": "0", "preferredStockAndOtherAdjustments": "None"}, {"fiscalDateEnding": "2016-09-30", "reportedCurrency": "USD", "totalRevenue": "2339096.66", "totalOperatingExpense": "0", "costOfRevenue": "2221799.07", "grossProfit": "0", "ebit": "0", "netIncome": "0", "researchAndDevelopment": "30466.91", "effectOfAccountingCharges": "0", "incomeBeforeTax": "0", "minorityInterest": "0", "sellingGeneralAdministrative": "2313199.79", "otherNonOperatingIncome": "None", "operatingIncome": "0", "otherOperatingExpense": "0", "interestExpense": "2314723.13", "taxProvision": "None", "interestIncome": "None", "netInterestIncome": "None", "extraordinaryItems": "0", "nonRecurring": "0", "otherItems": "0", "incomeTaxExpense": "0", "totalOtherIncomeExpense": "0", "discontinuedOperations": "0", "netIncomeFromContinuingOperations": "0", "netIncomeApplicableToCommonShares": "0", "preferredStockAndOtherAdjustments": "None"}, {"fiscalDateEnding": "2016-06-30", "reportedCurrency": "USD", "totalRevenue": "943907.16", "totalOperatingExpense": "0", "costOfRevenue": "4095164.41", "grossProfit": "0", "ebit": "0", "netIncome": "0", "researchAndDevelopment": "193423.60", "effectOfAccountingCharges": "0", "incomeBeforeTax": "0", "minorityInterest": "0", "sellingGeneralAdministrative": "1849903.29", "otherNonOperatingIncome": "None", "operatingIncome": "0", "otherOperatingExpense": "0", "interestExpense": "726499.03", "taxProvision": "None", "interestIncome": "None", "netInterestIncome": "None", "extraordinaryItems": "0", "nonRecurring": "0", "otherItems": "0", "incomeTaxExpense": "0", "totalOtherIncomeExpense": "0", "discontinuedOperations": "0", "netIncomeFromContinuingOperations": "0", "netIncomeApplicableToCommonShares": "0", "preferredStockAndOtherAdjustments": "None"}]}