{
    "symbol": "AACG",
    "annualReports": [
        {
            "fiscalDateEnding": "2019-12-31",
            "reportedCurrency": "CNY",
            "totalRevenue": "97770167",
            "totalOperatingExpense": "206610163",
            "costOfRevenue": "61914502",
            "grossProfit": "35855665",
            "ebit": "-91294936",
            "netIncome": "-122253989",
            "researchAndDevelopment": "11817255",
            "effectOfAccountingCharges": "0",
            "incomeBeforeTax": "-141261615",
            "minorityInterest": "50391547",
            "sellingGeneralAdministrative": "116035728",
            "otherNonOperatingIncome": "0",
            "operatingIncome": "-108839996",
            "otherOperatingExpense": "-588147",
            "interestExpense": "0",
            "taxProvision": "-7149119",
            "interestIncome": "3333180",
            "netInterestIncome": "3281701",
            "extraordinaryItems": "4894200",
            "nonRecurring": "0",
            "otherItems": "0",
            "incomeTaxExpense": "-7149119",
            "totalOtherIncomeExpense": "-35703320",
            "discontinuedOperations": "4894197",
            "netIncomeFromContinuingOperations": "-134112496",
            "netIncomeApplicableToCommonShares": "-128262480",
            "preferredStockAndOtherAdjustments": "0"
        },
        {
            "fiscalDateEnding": "2018-12-31",
            "reportedCurrency": "CNY",
            "totalRevenue": "1338592",
            "totalOperatingExpense": "69130542",
            "costOfRevenue": "4251451",
            "grossProfit": "-2912859",
            "ebit": "-54460678",
            "netIncome": "854925914",
            "researchAndDevelopment": "19594484",
            "effectOfAccountingCharges": "0",
            "incomeBeforeTax": "-68053474",
            "minorityInterest": "39576017",
            "sellingGeneralAdministrative": "49078025",
            "otherNonOperatingIncome": "0",
            "operatingIncome": "-67791950",
            "otherOperatingExpense": "-3793418",
            "interestExpense": "0",
            "taxProvision": "0",
            "interestIncome": "6119280",
            "netInterestIncome": "2409090",
            "extraordinaryItems": "918665590",
            "nonRecurring": "0",
            "otherItems": "0",
            "incomeTaxExpense": "0",
            "totalOtherIncomeExpense": "-2670614",
            "discontinuedOperations": "918665587",
            "netIncomeFromContinuingOperations": "-68053474",
            "netIncomeApplicableToCommonShares": "835591366",
            "preferredStockAndOtherAdjustments": "0"
        },
        {
            "fiscalDateEnding": "2017-12-31",
            "reportedCurrency": "CNY",
            "totalRevenue": "490059100",
            "totalOperatingExpense": "0.09",
            "costOfRevenue": "259049750",
            "grossProfit": "231009350",
            "ebit": "-0.08",
            "netIncome": "29633540",
            "researchAndDevelopment": "0.02",
            "effectOfAccountingCharges": "0",
            "incomeBeforeTax": "57245330",
            "minorityInterest": "36647572",
            "sellingGeneralAdministrative": "121211490",
            "otherNonOperatingIncome": "0",
            "operatingIncome": "54291510",
            "otherOperatingExpense": "-3793418",
            "interestExpense": "0",
            "taxProvision": "29408250",
            "interestIncome": "2953820",
            "netInterestIncome": "None",
            "extraordinaryItems": "0",
            "nonRecurring": "0",
            "otherItems": "0",
            "incomeTaxExpense": "19920486",
            "totalOtherIncomeExpense": "-0.02",
            "discontinuedOperations": "82437963",
            "netIncomeFromContinuingOperations": "-0.12",
            "netIncomeApplicableToCommonShares": "-31558626",
            "preferredStockAndOtherAdjustments": "0"
        },
        {
            "fiscalDateEnding": "2016-12-31",
            "reportedCurrency": "CNY",
            "totalRevenue": "472385716",
            "totalOperatingExpense": "400878612",
            "costOfRevenue": "239852504",
            "grossProfit": "232533212",
            "ebit": "81800937",
            "netIncome": "-9716002",
            "researchAndDevelopment": "43430385",
            "effectOfAccountingCharges": "0",
            "incomeBeforeTax": "28627579",
            "minorityInterest": "1079928",
            "sellingGeneralAdministrative": "116901263",
            "otherNonOperatingIncome": "0",
            "operatingIncome": "71507104",
            "otherOperatingExpense": "-3793418",
            "interestExpense": "75918",
            "taxProvision": "38596986",
            "interestIncome": "3989868",
            "netInterestIncome": "3913950",
            "extraordinaryItems": "0",
            "nonRecurring": "0",
            "otherItems": "0",
            "incomeTaxExpense": "1517806",
            "totalOtherIncomeExpense": "-46793475",
            "discontinuedOperations": "50024597",
            "netIncomeFromContinuingOperations": "-9969407",
            "netIncomeApplicableToCommonShares": "-9716002",
            "preferredStockAndOtherAdjustments": "0"
        },
        {
            "fiscalDateEnding": "2015-12-31",
            "reportedCurrency": "CNY",
            "totalRevenue": "417139970",
            "totalOperatingExpense": "211254.22",
            "costOfRevenue": "208017210",
            "grossProfit": "209122760",
            "ebit": "29909.68",
            "netIncome": "26051190",
            "researchAndDevelopment": "21118.84",
            "effectOfAccountingCharges": "0",
            "incomeBeforeTax": "44972670",
            "minorityInterest": "624.35",
            "sellingGeneralAdministrative": "116242770",
            "otherNonOperatingIncome": "0",
            "operatingIncome": "51734610",
            "otherOperatingExpense": "-2193.11",
            "interestExpense": "0",
            "taxProvision": "18921480",
            "interestIncome": "-6761950",
            "netInterestIncome": "None",
            "extraordinaryItems": "0",
            "nonRecurring": "0",
            "otherItems": "0",
            "incomeTaxExpense": "10939.20",
            "totalOtherIncomeExpense": "-3909.33",
            "discontinuedOperations": "28921.05",
            "netIncomeFromContinuingOperations": "15061.15",
            "netIncomeApplicableToCommonShares": "25920260",
            "preferredStockAndOtherAdjustments": "0"
        }
    ],
    "quarterlyReports": [
        {
            "fiscalDateEnding": "2020-06-30",
            "reportedCurrency": "CNY",
            "totalRevenue": "26396218",
            "totalOperatingExpense": "64899501",
            "costOfRevenue": "19764559",
            "grossProfit": "6631659",
            "ebit": "-38503283",
            "netIncome": "-32080595",
            "researchAndDevelopment": "2025581",
            "effectOfAccountingCharges": "None",
            "incomeBeforeTax": "-39323701",
            "minorityInterest": "49653844",
            "sellingGeneralAdministrative": "43220844",
            "otherNonOperatingIncome": "None",
            "operatingIncome": "-38503283",
            "otherOperatingExpense": "-111483",
            "interestExpense": "None",
            "taxProvision": "-5386716",
            "interestIncome": "None",
            "netInterestIncome": "263513",
            "extraordinaryItems": "None",
            "nonRecurring": "None",
            "otherItems": "None",
            "incomeTaxExpense": "-5386716",
            "totalOtherIncomeExpense": "-1083931",
            "discontinuedOperations": "None",
            "netIncomeFromContinuingOperations": "-33936985",
            "netIncomeApplicableToCommonShares": "-32080595",
            "preferredStockAndOtherAdjustments": "None"
        },
        {
            "fiscalDateEnding": "2020-03-31",
            "reportedCurrency": "CNY",
            "totalRevenue": "32703405",
            "totalOperatingExpense": "59169957",
            "costOfRevenue": "20979552",
            "grossProfit": "11723853",
            "ebit": "-26466552",
            "netIncome": "-20456457",
            "researchAndDevelopment": "2381089",
            "effectOfAccountingCharges": "None",
            "incomeBeforeTax": "-26180528",
            "minorityInterest": "50048497",
            "sellingGeneralAdministrative": "36044768",
            "otherNonOperatingIncome": "None",
            "operatingIncome": "-26466552",
            "otherOperatingExpense": "-235452",
            "interestExpense": "None",
            "taxProvision": "-2786536",
            "interestIncome": "318450",
            "netInterestIncome": "387579",
            "extraordinaryItems": "None",
            "nonRecurring": "None",
            "otherItems": "None",
            "incomeTaxExpense": "-2786536",
            "totalOtherIncomeExpense": "-101555",
            "discontinuedOperations": "None",
            "netIncomeFromContinuingOperations": "-23393992",
            "netIncomeApplicableToCommonShares": "-20456457",
            "preferredStockAndOtherAdjustments": "None"
        },
        {
            "fiscalDateEnding": "2019-12-31",
            "reportedCurrency": "CNY",
            "totalRevenue": "52369792",
            "totalOperatingExpense": "101313548",
            "costOfRevenue": "33484920",
            "grossProfit": "18884872",
            "ebit": "-48943756",
            "netIncome": "-71682155",
            "researchAndDevelopment": "2462283",
            "effectOfAccountingCharges": "0",
            "incomeBeforeTax": "-78021704",
            "minorityInterest": "50391547",
            "sellingGeneralAdministrative": "47961582",
            "otherNonOperatingIncome": "0",
            "operatingIncome": "-48943756",
            "otherOperatingExpense": "-26062",
            "interestExpense": "0",
            "taxProvision": "-4831230",
            "interestIncome": "749800",
            "netInterestIncome": "677150",
            "extraordinaryItems": "0",
            "nonRecurring": "0",
            "otherItems": "0",
            "incomeTaxExpense": "-4831230",
            "totalOtherIncomeExpense": "-29755098",
            "discontinuedOperations": "-1",
            "netIncomeFromContinuingOperations": "-73190474",
            "netIncomeApplicableToCommonShares": "-77690646",
            "preferredStockAndOtherAdjustments": "0"
        },
        {
            "fiscalDateEnding": "2019-09-30",
            "reportedCurrency": "CNY",
            "totalRevenue": "42417782",
            "totalOperatingExpense": "66724490",
            "costOfRevenue": "25830568",
            "grossProfit": "16587214",
            "ebit": "-24306708",
            "netIncome": "-24404430",
            "researchAndDevelopment": "2993183",
            "effectOfAccountingCharges": "0",
            "incomeBeforeTax": "-29765262",
            "minorityInterest": "49458582",
            "sellingGeneralAdministrative": "38005923",
            "otherNonOperatingIncome": "0",
            "operatingIncome": "-24306708",
            "otherOperatingExpense": "-105184",
            "interestExpense": "0",
            "taxProvision": "-2317889",
            "interestIncome": "468490",
            "netInterestIncome": "504420",
            "extraordinaryItems": "5.13",
            "nonRecurring": "0",
            "otherItems": "0",
            "incomeTaxExpense": "-2317889",
            "totalOtherIncomeExpense": "-5962974",
            "discontinuedOperations": "-1",
            "netIncomeFromContinuingOperations": "-27447373",
            "netIncomeApplicableToCommonShares": "-24404430",
            "preferredStockAndOtherAdjustments": "0"
        },
        {
            "fiscalDateEnding": "2019-06-30",
            "reportedCurrency": "CNY",
            "totalRevenue": "1366185",
            "totalOperatingExpense": "21522305",
            "costOfRevenue": "1390916",
            "grossProfit": "-24731",
            "ebit": "-20156120",
            "netIncome": "-13268559",
            "researchAndDevelopment": "3352837",
            "effectOfAccountingCharges": "0",
            "incomeBeforeTax": "-19214604",
            "minorityInterest": "39785098",
            "sellingGeneralAdministrative": "16530594",
            "otherNonOperatingIncome": "0",
            "operatingIncome": "-20156120",
            "otherOperatingExpense": "247958",
            "interestExpense": "0",
            "taxProvision": "0",
            "interestIncome": "941520",
            "netInterestIncome": "922952",
            "extraordinaryItems": "4894200",
            "nonRecurring": "0",
            "otherItems": "0",
            "incomeTaxExpense": "0",
            "totalOtherIncomeExpense": "18564",
            "discontinuedOperations": "4894198",
            "netIncomeFromContinuingOperations": "-19214604",
            "netIncomeApplicableToCommonShares": "-13268559",
            "preferredStockAndOtherAdjustments": "0"
        },
        {
            "fiscalDateEnding": "2019-03-31",
            "reportedCurrency": "CNY",
            "totalRevenue": "1616410",
            "totalOperatingExpense": "17049820",
            "costOfRevenue": "1208100",
            "grossProfit": "408310",
            "ebit": "-15433412",
            "netIncome": "-12898850",
            "researchAndDevelopment": "3008952",
            "effectOfAccountingCharges": "0",
            "incomeBeforeTax": "-14260050",
            "minorityInterest": "39584699",
            "sellingGeneralAdministrative": "13537630",
            "otherNonOperatingIncome": "0",
            "operatingIncome": "-15433410",
            "otherOperatingExpense": "-704859",
            "interestExpense": "0",
            "taxProvision": "0",
            "interestIncome": "1173370",
            "netInterestIncome": "1177179",
            "extraordinaryItems": "0",
            "nonRecurring": "0",
            "otherItems": "0",
            "incomeTaxExpense": "0",
            "totalOtherIncomeExpense": "-3812",
            "discontinuedOperations": "4894198",
            "netIncomeFromContinuingOperations": "-14260045",
            "netIncomeApplicableToCommonShares": "-12898850",
            "preferredStockAndOtherAdjustments": "0"
        },
        {
            "fiscalDateEnding": "2018-12-31",
            "reportedCurrency": "CNY",
            "totalRevenue": "18.80",
            "totalOperatingExpense": "8581.27",
            "costOfRevenue": "61.10",
            "grossProfit": "-79.90",
            "ebit": "-8600.06",
            "netIncome": "-10214.66",
            "researchAndDevelopment": "2937.16",
            "effectOfAccountingCharges": "0",
            "incomeBeforeTax": "-10873.26",
            "minorityInterest": "17678.98",
            "sellingGeneralAdministrative": "6020.28",
            "otherNonOperatingIncome": "0",
            "operatingIncome": "-8600.06",
            "otherOperatingExpense": "-437.27",
            "interestExpense": "0",
            "taxProvision": "None",
            "interestIncome": "None",
            "netInterestIncome": "None",
            "extraordinaryItems": "2822774.75",
            "nonRecurring": "0",
            "otherItems": "0",
            "incomeTaxExpense": "10183.97",
            "totalOtherIncomeExpense": "-2273.20",
            "discontinuedOperations": "9921.46",
            "netIncomeFromContinuingOperations": "-21057.23",
            "netIncomeApplicableToCommonShares": "-18851.59",
            "preferredStockAndOtherAdjustments": "0"
        },
        {
            "fiscalDateEnding": "2018-09-30",
            "reportedCurrency": "USD",
            "totalRevenue": "22998.17",
            "totalOperatingExpense": "276772.92",
            "costOfRevenue": "30654.50",
            "grossProfit": "-7656.32",
            "ebit": "-253774.74",
            "netIncome": "21501430.93",
            "researchAndDevelopment": "88287.90",
            "effectOfAccountingCharges": "0",
            "incomeBeforeTax": "-228211.47",
            "minorityInterest": "815046.76",
            "sellingGeneralAdministrative": "178211.54",
            "otherNonOperatingIncome": "0",
            "operatingIncome": "-253774.74",
            "otherOperatingExpense": "-20381.02",
            "interestExpense": "0",
            "taxProvision": "None",
            "interestIncome": "None",
            "netInterestIncome": "None",
            "extraordinaryItems": "149134465.49",
            "nonRecurring": "0",
            "otherItems": "0",
            "incomeTaxExpense": "-196939.53",
            "totalOtherIncomeExpense": "25563.28",
            "discontinuedOperations": "21516275.50",
            "netIncomeFromContinuingOperations": "-31271.94",
            "netIncomeApplicableToCommonShares": "21501430.93",
            "preferredStockAndOtherAdjustments": "0"
        }
    ]
}{
    "symbol": "AAME",
    "annualReports": [
        {
            "fiscalDateEnding": "2019-12-31",
            "reportedCurrency": "USD",
            "totalRevenue": "198179000",
            "totalOperatingExpense": "198586000",
            "costOfRevenue": "184702000",
            "grossProfit": "198179000",
            "ebit": "-407000",
            "netIncome": "-386000",
            "researchAndDevelopment": "None",
            "effectOfAccountingCharges": "None",
            "incomeBeforeTax": "-407000",
            "minorityInterest": "None",
            "sellingGeneralAdministrative": "45477000",
            "otherNonOperatingIncome": "None",
            "operatingIncome": "-407000",
            "otherOperatingExpense": "11754000",
            "interestExpense": "2130000",
            "taxProvision": "-21000",
            "interestIncome": "-2130000",
            "netInterestIncome": "-2130000",
            "extraordinaryItems": "None",
            "nonRecurring": "None",
            "otherItems": "None",
            "incomeTaxExpense": "-21000",
            "totalOtherIncomeExpense": "190000",
            "discontinuedOperations": "None",
            "netIncomeFromContinuingOperations": "-386000",
            "netIncomeApplicableToCommonShares": "-785000",
            "preferredStockAndOtherAdjustments": "399000"
        },
        {
            "fiscalDateEnding": "2018-12-31",
            "reportedCurrency": "USD",
            "totalRevenue": "185553000",
            "totalOperatingExpense": "186524000",
            "costOfRevenue": "171692000",
            "grossProfit": "185553000",
            "ebit": "-971000",
            "netIncome": "-704000",
            "researchAndDevelopment": "0",
            "effectOfAccountingCharges": "None",
            "incomeBeforeTax": "-971000",
            "minorityInterest": "None",
            "sellingGeneralAdministrative": "39042000",
            "otherNonOperatingIncome": "None",
            "operatingIncome": "1066000",
            "otherOperatingExpense": "12795000",
            "interestExpense": "2037000",
            "taxProvision": "-267000",
            "interestIncome": "-2037000",
            "netInterestIncome": "-2037000",
            "extraordinaryItems": "None",
            "nonRecurring": "None",
            "otherItems": "None",
            "incomeTaxExpense": "-267000",
            "totalOtherIncomeExpense": "113000",
            "discontinuedOperations": "None",
            "netIncomeFromContinuingOperations": "-704000",
            "netIncomeApplicableToCommonShares": "-1103000",
            "preferredStockAndOtherAdjustments": "399000"
        },
        {
            "fiscalDateEnding": "2017-12-31",
            "reportedCurrency": "USD",
            "totalRevenue": "181114000",
            "totalOperatingExpense": "175758000",
            "costOfRevenue": "133947000",
            "grossProfit": "181114000",
            "ebit": "5356000",
            "netIncome": "4528000",
            "researchAndDevelopment": "0",
            "effectOfAccountingCharges": "None",
            "incomeBeforeTax": "5356000",
            "minorityInterest": "None",
            "sellingGeneralAdministrative": "43446000",
            "otherNonOperatingIncome": "None",
            "operatingIncome": "5356000",
            "otherOperatingExpense": "40088000",
            "interestExpense": "1723000",
            "taxProvision": "828000",
            "interestIncome": "-1723000",
            "netInterestIncome": "-1723000",
            "extraordinaryItems": "395000",
            "nonRecurring": "None",
            "otherItems": "None",
            "incomeTaxExpense": "828000",
            "totalOtherIncomeExpense": "123000",
            "discontinuedOperations": "None",
            "netIncomeFromContinuingOperations": "4528000",
            "netIncomeApplicableToCommonShares": "4129000",
            "preferredStockAndOtherAdjustments": "399000"
        },
        {
            "fiscalDateEnding": "2016-12-31",
            "reportedCurrency": "USD",
            "totalRevenue": "166077000",
            "totalOperatingExpense": "162553000",
            "costOfRevenue": "119634000",
            "grossProfit": "166077000",
            "ebit": "3524000",
            "netIncome": "2636000",
            "researchAndDevelopment": "0",
            "effectOfAccountingCharges": "None",
            "incomeBeforeTax": "3524000",
            "minorityInterest": "None",
            "sellingGeneralAdministrative": "44797000",
            "otherNonOperatingIncome": "None",
            "operatingIncome": "3524000",
            "otherOperatingExpense": "41357000",
            "interestExpense": "1562000",
            "taxProvision": "888000",
            "interestIncome": "-1562000",
            "netInterestIncome": "-1562000",
            "extraordinaryItems": "None",
            "nonRecurring": "None",
            "otherItems": "None",
            "incomeTaxExpense": "888000",
            "totalOtherIncomeExpense": "133000",
            "discontinuedOperations": "None",
            "netIncomeFromContinuingOperations": "2636000",
            "netIncomeApplicableToCommonShares": "2237000",
            "preferredStockAndOtherAdjustments": "399000"
        },
        {
            "fiscalDateEnding": "2015-12-31",
            "reportedCurrency": "USD",
            "totalRevenue": "165937000",
            "totalOperatingExpense": "160229000",
            "costOfRevenue": "119173000",
            "grossProfit": "165937000",
            "ebit": "5708000",
            "netIncome": "4388000",
            "researchAndDevelopment": "0",
            "effectOfAccountingCharges": "None",
            "incomeBeforeTax": "5708000",
            "minorityInterest": "None",
            "sellingGeneralAdministrative": "43235000",
            "otherNonOperatingIncome": "None",
            "operatingIncome": "5708000",
            "otherOperatingExpense": "160229000",
            "interestExpense": "-1429000",
            "taxProvision": "1320000",
            "interestIncome": "-1429000",
            "netInterestIncome": "None",
            "extraordinaryItems": "None",
            "nonRecurring": "None",
            "otherItems": "None",
            "incomeTaxExpense": "1320000",
            "totalOtherIncomeExpense": "-1429000",
            "discontinuedOperations": "None",
            "netIncomeFromContinuingOperations": "4388000",
            "netIncomeApplicableToCommonShares": "3989000",
            "preferredStockAndOtherAdjustments": "399000"
        }
    ],
    "quarterlyReports": [
        {
            "fiscalDateEnding": "2020-06-30",
            "reportedCurrency": "USD",
            "totalRevenue": "49737000",
            "totalOperatingExpense": "41456000",
            "costOfRevenue": "None",
            "grossProfit": "None",
            "ebit": "None",
            "netIncome": "6532000",
            "researchAndDevelopment": "None",
            "effectOfAccountingCharges": "None",
            "incomeBeforeTax": "8281000",
            "minorityInterest": "None",
            "sellingGeneralAdministrative": "None",
            "otherNonOperatingIncome": "None",
            "operatingIncome": "None",
            "otherOperatingExpense": "9178000",
            "interestExpense": "414000",
            "taxProvision": "1749000",
            "interestIncome": "None",
            "netInterestIncome": "-414000",
            "extraordinaryItems": "None",
            "nonRecurring": "None",
            "otherItems": "None",
            "incomeTaxExpense": "1749000",
            "totalOtherIncomeExpense": "33000",
            "discontinuedOperations": "None",
            "netIncomeFromContinuingOperations": "6532000",
            "netIncomeApplicableToCommonShares": "6432000",
            "preferredStockAndOtherAdjustments": "None"
        },
        {
            "fiscalDateEnding": "2020-03-31",
            "reportedCurrency": "USD",
            "totalRevenue": "39410000",
            "totalOperatingExpense": "49637000",
            "costOfRevenue": "None",
            "grossProfit": "39410000",
            "ebit": "-10227000",
            "netIncome": "-8087000",
            "researchAndDevelopment": "None",
            "effectOfAccountingCharges": "None",
            "incomeBeforeTax": "-10227000",
            "minorityInterest": "None",
            "sellingGeneralAdministrative": "12626000",
            "otherNonOperatingIncome": "None",
            "operatingIncome": "-10227000",
            "otherOperatingExpense": "10764000",
            "interestExpense": "476000",
            "taxProvision": "-2140000",
            "interestIncome": "-476000",
            "netInterestIncome": "-476000",
            "extraordinaryItems": "None",
            "nonRecurring": "None",
            "otherItems": "None",
            "incomeTaxExpense": "-2140000",
            "totalOtherIncomeExpense": "27000",
            "discontinuedOperations": "None",
            "netIncomeFromContinuingOperations": "-8087000",
            "netIncomeApplicableToCommonShares": "-8186000",
            "preferredStockAndOtherAdjustments": "99000"
        },
        {
            "fiscalDateEnding": "2019-12-31",
            "reportedCurrency": "USD",
            "totalRevenue": "52289000",
            "totalOperatingExpense": "50648000",
            "costOfRevenue": "67139000",
            "grossProfit": "52289000",
            "ebit": "1641000",
            "netIncome": "1270000",
            "researchAndDevelopment": "None",
            "effectOfAccountingCharges": "None",
            "incomeBeforeTax": "1641000",
            "minorityInterest": "None",
            "sellingGeneralAdministrative": "11482000",
            "otherNonOperatingIncome": "None",
            "operatingIncome": "1641000",
            "otherOperatingExpense": "-16997000",
            "interestExpense": "506000",
            "taxProvision": "371000",
            "interestIncome": "-506000",
            "netInterestIncome": "-506000",
            "extraordinaryItems": "None",
            "nonRecurring": "None",
            "otherItems": "None",
            "incomeTaxExpense": "371000",
            "totalOtherIncomeExpense": "51000",
            "discontinuedOperations": "None",
            "netIncomeFromContinuingOperations": "1270000",
            "netIncomeApplicableToCommonShares": "1170000",
            "preferredStockAndOtherAdjustments": "100000"
        },
        {
            "fiscalDateEnding": "2019-09-30",
            "reportedCurrency": "USD",
            "totalRevenue": "47745000",
            "totalOperatingExpense": "49489000",
            "costOfRevenue": "39415000",
            "grossProfit": "47745000",
            "ebit": "-1744000",
            "netIncome": "-1392000",
            "researchAndDevelopment": "None",
            "effectOfAccountingCharges": "None",
            "incomeBeforeTax": "-1744000",
            "minorityInterest": "None",
            "sellingGeneralAdministrative": "11471000",
            "otherNonOperatingIncome": "None",
            "operatingIncome": "-1744000",
            "otherOperatingExpense": "9541000",
            "interestExpense": "533000",
            "taxProvision": "-352000",
            "interestIncome": "-533000",
            "netInterestIncome": "-533000",
            "extraordinaryItems": "None",
            "nonRecurring": "None",
            "otherItems": "None",
            "incomeTaxExpense": "-352000",
            "totalOtherIncomeExpense": "39000",
            "discontinuedOperations": "None",
            "netIncomeFromContinuingOperations": "-1392000",
            "netIncomeApplicableToCommonShares": "-1492000",
            "preferredStockAndOtherAdjustments": "100000"
        },
        {
            "fiscalDateEnding": "2019-06-30",
            "reportedCurrency": "USD",
            "totalRevenue": "43127000",
            "totalOperatingExpense": "48716000",
            "costOfRevenue": "38631000",
            "grossProfit": "43127000",
            "ebit": "-5589000",
            "netIncome": "-4426000",
            "researchAndDevelopment": "None",
            "effectOfAccountingCharges": "None",
            "incomeBeforeTax": "-5589000",
            "minorityInterest": "None",
            "sellingGeneralAdministrative": "11509000",
            "otherNonOperatingIncome": "None",
            "operatingIncome": "-5589000",
            "otherOperatingExpense": "48716000",
            "interestExpense": "545000",
            "taxProvision": "-1163000",
            "interestIncome": "-545000",
            "netInterestIncome": "-545000",
            "extraordinaryItems": "None",
            "nonRecurring": "None",
            "otherItems": "None",
            "incomeTaxExpense": "-1163000",
            "totalOtherIncomeExpense": "72000",
            "discontinuedOperations": "None",
            "netIncomeFromContinuingOperations": "-4426000",
            "netIncomeApplicableToCommonShares": "-4526000",
            "preferredStockAndOtherAdjustments": "100000"
        },
        {
            "fiscalDateEnding": "2019-03-31",
            "reportedCurrency": "USD",
            "totalRevenue": "55018000",
            "totalOperatingExpense": "49733000",
            "costOfRevenue": "39517000",
            "grossProfit": "55018000",
            "ebit": "5285000",
            "netIncome": "4162000",
            "researchAndDevelopment": "None",
            "effectOfAccountingCharges": "None",
            "incomeBeforeTax": "5285000",
            "minorityInterest": "None",
            "sellingGeneralAdministrative": "11015000",
            "otherNonOperatingIncome": "None",
            "operatingIncome": "5285000",
            "otherOperatingExpense": "49733000",
            "interestExpense": "546000",
            "taxProvision": "1123000",
            "interestIncome": "-546000",
            "netInterestIncome": "-546000",
            "extraordinaryItems": "None",
            "nonRecurring": "None",
            "otherItems": "None",
            "incomeTaxExpense": "1123000",
            "totalOtherIncomeExpense": "28000",
            "discontinuedOperations": "None",
            "netIncomeFromContinuingOperations": "4162000",
            "netIncomeApplicableToCommonShares": "4063000",
            "preferredStockAndOtherAdjustments": "99000"
        },
        {
            "fiscalDateEnding": "2018-12-31",
            "reportedCurrency": "USD",
            "totalRevenue": "49200000",
            "totalOperatingExpense": "48385000",
            "costOfRevenue": "39199000",
            "grossProfit": "49200000",
            "ebit": "275000",
            "netIncome": "201000",
            "researchAndDevelopment": "0",
            "effectOfAccountingCharges": "0",
            "incomeBeforeTax": "275000",
            "minorityInterest": "0",
            "sellingGeneralAdministrative": "10586000",
            "otherNonOperatingIncome": "None",
            "operatingIncome": "275000",
            "otherOperatingExpense": "48925000",
            "interestExpense": "-540000",
            "taxProvision": "74000",
            "interestIncome": "None",
            "netInterestIncome": "None",
            "extraordinaryItems": "0",
            "nonRecurring": "0",
            "otherItems": "0",
            "incomeTaxExpense": "74000",
            "totalOtherIncomeExpense": "-540000",
            "discontinuedOperations": "0",
            "netIncomeFromContinuingOperations": "201000",
            "netIncomeApplicableToCommonShares": "101000",
            "preferredStockAndOtherAdjustments": "100000"
        },
        {
            "fiscalDateEnding": "2018-09-30",
            "reportedCurrency": "USD",
            "totalRevenue": "46370000",
            "totalOperatingExpense": "45298000",
            "costOfRevenue": "35418000",
            "grossProfit": "46370000",
            "ebit": "1072000",
            "netIncome": "934000",
            "researchAndDevelopment": "0",
            "effectOfAccountingCharges": "0",
            "incomeBeforeTax": "1072000",
            "minorityInterest": "0",
            "sellingGeneralAdministrative": "0",
            "otherNonOperatingIncome": "None",
            "operatingIncome": "1072000",
            "otherOperatingExpense": "45298000",
            "interestExpense": "-529000",
            "taxProvision": "None",
            "interestIncome": "None",
            "netInterestIncome": "None",
            "extraordinaryItems": "0",
            "nonRecurring": "0",
            "otherItems": "0",
            "incomeTaxExpense": "138000",
            "totalOtherIncomeExpense": "-529000",
            "discontinuedOperations": "0",
            "netIncomeFromContinuingOperations": "934000",
            "netIncomeApplicableToCommonShares": "834000",
            "preferredStockAndOtherAdjustments": "100000"
        },
        {
            "fiscalDateEnding": "2018-06-30",
            "reportedCurrency": "USD",
            "totalRevenue": "49443000",
            "totalOperatingExpense": "45410000",
            "costOfRevenue": "36238000",
            "grossProfit": "49443000",
            "ebit": "4033000",
            "netIncome": "3185000",
            "researchAndDevelopment": "0",
            "effectOfAccountingCharges": "0",
            "incomeBeforeTax": "4033000",
            "minorityInterest": "0",
            "sellingGeneralAdministrative": "0",
            "otherNonOperatingIncome": "None",
            "operatingIncome": "4033000",
            "otherOperatingExpense": "45410000",
            "interestExpense": "-506000",
            "taxProvision": "None",
            "interestIncome": "None",
            "netInterestIncome": "None",
            "extraordinaryItems": "0",
            "nonRecurring": "0",
            "otherItems": "0",
            "incomeTaxExpense": "848000",
            "totalOtherIncomeExpense": "-506000",
            "discontinuedOperations": "0",
            "netIncomeFromContinuingOperations": "3185000",
            "netIncomeApplicableToCommonShares": "3085000",
            "preferredStockAndOtherAdjustments": "100000"
        },
        {
            "fiscalDateEnding": "2018-03-31",
            "reportedCurrency": "USD",
            "totalRevenue": "40540000",
            "totalOperatingExpense": "46891000",
            "costOfRevenue": "36559000",
            "grossProfit": "40540000",
            "ebit": "-6351000",
            "netIncome": "-5024000",
            "researchAndDevelopment": "0",
            "effectOfAccountingCharges": "0",
            "incomeBeforeTax": "-6351000",
            "minorityInterest": "0",
            "sellingGeneralAdministrative": "0",
            "otherNonOperatingIncome": "None",
            "operatingIncome": "-6351000",
            "otherOperatingExpense": "46891000",
            "interestExpense": "-462000",
            "taxProvision": "None",
            "interestIncome": "None",
            "netInterestIncome": "None",
            "extraordinaryItems": "0",
            "nonRecurring": "0",
            "otherItems": "0",
            "incomeTaxExpense": "-1327000",
            "totalOtherIncomeExpense": "-462000",
            "discontinuedOperations": "0",
            "netIncomeFromContinuingOperations": "-5024000",
            "netIncomeApplicableToCommonShares": "-5123000",
            "preferredStockAndOtherAdjustments": "99000"
        },
        {
            "fiscalDateEnding": "2017-12-31",
            "reportedCurrency": "USD",
            "totalRevenue": "48825000",
            "totalOperatingExpense": "45938000",
            "costOfRevenue": "45199000",
            "grossProfit": "48825000",
            "ebit": "2887000",
            "netIncome": "2542000",
            "researchAndDevelopment": "0",
            "effectOfAccountingCharges": "0",
            "incomeBeforeTax": "2887000",
            "minorityInterest": "0",
            "sellingGeneralAdministrative": "0",
            "otherNonOperatingIncome": "None",
            "operatingIncome": "2887000",
            "otherOperatingExpense": "45938000",
            "interestExpense": "450000",
            "taxProvision": "None",
            "interestIncome": "None",
            "netInterestIncome": "None",
            "extraordinaryItems": "0",
            "nonRecurring": "0",
            "otherItems": "0",
            "incomeTaxExpense": "345000",
            "totalOtherIncomeExpense": "-1723000",
            "discontinuedOperations": "0",
            "netIncomeFromContinuingOperations": "2542000",
            "netIncomeApplicableToCommonShares": "2442000",
            "preferredStockAndOtherAdjustments": "100000"
        },
        {
            "fiscalDateEnding": "2017-09-30",
            "reportedCurrency": "USD",
            "totalRevenue": "44798000",
            "totalOperatingExpense": "44167000",
            "costOfRevenue": "43371000",
            "grossProfit": "44798000",
            "ebit": "631000",
            "netIncome": "747000",
            "researchAndDevelopment": "0",
            "effectOfAccountingCharges": "0",
            "incomeBeforeTax": "631000",
            "minorityInterest": "0",
            "sellingGeneralAdministrative": "0",
            "otherNonOperatingIncome": "None",
            "operatingIncome": "631000",
            "otherOperatingExpense": "44167000",
            "interestExpense": "440000",
            "taxProvision": "None",
            "interestIncome": "None",
            "netInterestIncome": "None",
            "extraordinaryItems": "0",
            "nonRecurring": "0",
            "otherItems": "0",
            "incomeTaxExpense": "-116000",
            "totalOtherIncomeExpense": "0",
            "discontinuedOperations": "0",
            "netIncomeFromContinuingOperations": "747000",
            "netIncomeApplicableToCommonShares": "647000",
            "preferredStockAndOtherAdjustments": "100000"
        },
        {
            "fiscalDateEnding": "2017-06-30",
            "reportedCurrency": "USD",
            "totalRevenue": "43632000",
            "totalOperatingExpense": "41447000",
            "costOfRevenue": "40617000",
            "grossProfit": "43632000",
            "ebit": "2185000",
            "netIncome": "1460000",
            "researchAndDevelopment": "0",
            "effectOfAccountingCharges": "0",
            "incomeBeforeTax": "2185000",
            "minorityInterest": "0",
            "sellingGeneralAdministrative": "0",
            "otherNonOperatingIncome": "None",
            "operatingIncome": "2185000",
            "otherOperatingExpense": "41447000",
            "interestExpense": "424000",
            "taxProvision": "None",
            "interestIncome": "None",
            "netInterestIncome": "None",
            "extraordinaryItems": "0",
            "nonRecurring": "0",
            "otherItems": "0",
            "incomeTaxExpense": "725000",
            "totalOtherIncomeExpense": "0",
            "discontinuedOperations": "0",
            "netIncomeFromContinuingOperations": "1460000",
            "netIncomeApplicableToCommonShares": "1360000",
            "preferredStockAndOtherAdjustments": "100000"
        },
        {
            "fiscalDateEnding": "2017-03-31",
            "reportedCurrency": "USD",
            "totalRevenue": "43859000",
            "totalOperatingExpense": "44206000",
            "costOfRevenue": "43410000",
            "grossProfit": "43859000",
            "ebit": "-347000",
            "netIncome": "-221000",
            "researchAndDevelopment": "0",
            "effectOfAccountingCharges": "0",
            "incomeBeforeTax": "-347000",
            "minorityInterest": "0",
            "sellingGeneralAdministrative": "0",
            "otherNonOperatingIncome": "None",
            "operatingIncome": "-347000",
            "otherOperatingExpense": "44206000",
            "interestExpense": "409000",
            "taxProvision": "None",
            "interestIncome": "None",
            "netInterestIncome": "None",
            "extraordinaryItems": "0",
            "nonRecurring": "0",
            "otherItems": "0",
            "incomeTaxExpense": "-126000",
            "totalOtherIncomeExpense": "0",
            "discontinuedOperations": "0",
            "netIncomeFromContinuingOperations": "-221000",
            "netIncomeApplicableToCommonShares": "-320000",
            "preferredStockAndOtherAdjustments": "99000"
        },
        {
            "fiscalDateEnding": "2016-12-31",
            "reportedCurrency": "USD",
            "totalRevenue": "40029000",
            "totalOperatingExpense": "38555000",
            "costOfRevenue": "37802000",
            "grossProfit": "40029000",
            "ebit": "1474000",
            "netIncome": "1348000",
            "researchAndDevelopment": "0",
            "effectOfAccountingCharges": "0",
            "incomeBeforeTax": "1474000",
            "minorityInterest": "0",
            "sellingGeneralAdministrative": "0",
            "otherNonOperatingIncome": "None",
            "operatingIncome": "1474000",
            "otherOperatingExpense": "38555000",
            "interestExpense": "408000",
            "taxProvision": "None",
            "interestIncome": "None",
            "netInterestIncome": "None",
            "extraordinaryItems": "0",
            "nonRecurring": "0",
            "otherItems": "0",
            "incomeTaxExpense": "126000",
            "totalOtherIncomeExpense": "-1562000",
            "discontinuedOperations": "0",
            "netIncomeFromContinuingOperations": "1348000",
            "netIncomeApplicableToCommonShares": "1248000",
            "preferredStockAndOtherAdjustments": "100000"
        },
        {
            "fiscalDateEnding": "2016-09-30",
            "reportedCurrency": "USD",
            "totalRevenue": "42447000",
            "totalOperatingExpense": "42130000",
            "costOfRevenue": "41451000",
            "grossProfit": "42447000",
            "ebit": "317000",
            "netIncome": "149000",
            "researchAndDevelopment": "0",
            "effectOfAccountingCharges": "0",
            "incomeBeforeTax": "317000",
            "minorityInterest": "0",
            "sellingGeneralAdministrative": "0",
            "otherNonOperatingIncome": "None",
            "operatingIncome": "317000",
            "otherOperatingExpense": "42130000",
            "interestExpense": "396000",
            "taxProvision": "None",
            "interestIncome": "None",
            "netInterestIncome": "None",
            "extraordinaryItems": "0",
            "nonRecurring": "0",
            "otherItems": "0",
            "incomeTaxExpense": "168000",
            "totalOtherIncomeExpense": "0",
            "discontinuedOperations": "0",
            "netIncomeFromContinuingOperations": "149000",
            "netIncomeApplicableToCommonShares": "49000",
            "preferredStockAndOtherAdjustments": "100000"
        },
        {
            "fiscalDateEnding": "2016-06-30",
            "reportedCurrency": "USD",
            "totalRevenue": "41854000",
            "totalOperatingExpense": "41497000",
            "costOfRevenue": "40826000",
            "grossProfit": "41854000",
            "ebit": "357000",
            "netIncome": "241000",
            "researchAndDevelopment": "0",
            "effectOfAccountingCharges": "0",
            "incomeBeforeTax": "357000",
            "minorityInterest": "0",
            "sellingGeneralAdministrative": "0",
            "otherNonOperatingIncome": "None",
            "operatingIncome": "357000",
            "otherOperatingExpense": "41497000",
            "interestExpense": "385000",
            "taxProvision": "None",
            "interestIncome": "None",
            "netInterestIncome": "None",
            "extraordinaryItems": "0",
            "nonRecurring": "0",
            "otherItems": "0",
            "incomeTaxExpense": "116000",
            "totalOtherIncomeExpense": "0",
            "discontinuedOperations": "0",
            "netIncomeFromContinuingOperations": "241000",
            "netIncomeApplicableToCommonShares": "141000",
            "preferredStockAndOtherAdjustments": "100000"
        },
        {
            "fiscalDateEnding": "2016-03-31",
            "reportedCurrency": "USD",
            "totalRevenue": "41747000",
            "totalOperatingExpense": "40371000",
            "costOfRevenue": "39707000",
            "grossProfit": "41747000",
            "ebit": "1376000",
            "netIncome": "898000",
            "researchAndDevelopment": "0",
            "effectOfAccountingCharges": "0",
            "incomeBeforeTax": "1376000",
            "minorityInterest": "0",
            "sellingGeneralAdministrative": "0",
            "otherNonOperatingIncome": "None",
            "operatingIncome": "1376000",
            "otherOperatingExpense": "40371000",
            "interestExpense": "373000",
            "taxProvision": "None",
            "interestIncome": "None",
            "netInterestIncome": "None",
            "extraordinaryItems": "0",
            "nonRecurring": "0",
            "otherItems": "0",
            "incomeTaxExpense": "478000",
            "totalOtherIncomeExpense": "0",
            "discontinuedOperations": "0",
            "netIncomeFromContinuingOperations": "898000",
            "netIncomeApplicableToCommonShares": "799000",
            "preferredStockAndOtherAdjustments": "99000"
        },
        {
            "fiscalDateEnding": "2015-12-31",
            "reportedCurrency": "USD",
            "totalRevenue": "39857000",
            "totalOperatingExpense": "39713000",
            "costOfRevenue": "39065000",
            "grossProfit": "39857000",
            "ebit": "144000",
            "netIncome": "114000",
            "researchAndDevelopment": "0",
            "effectOfAccountingCharges": "0",
            "incomeBeforeTax": "144000",
            "minorityInterest": "0",
            "sellingGeneralAdministrative": "0",
            "otherNonOperatingIncome": "None",
            "operatingIncome": "144000",
            "otherOperatingExpense": "39713000",
            "interestExpense": "365000",
            "taxProvision": "None",
            "interestIncome": "None",
            "netInterestIncome": "None",
            "extraordinaryItems": "0",
            "nonRecurring": "0",
            "otherItems": "0",
            "incomeTaxExpense": "30000",
            "totalOtherIncomeExpense": "-1429000",
            "discontinuedOperations": "0",
            "netIncomeFromContinuingOperations": "114000",
            "netIncomeApplicableToCommonShares": "14000",
            "preferredStockAndOtherAdjustments": "100000"
        },
        {
            "fiscalDateEnding": "2015-09-30",
            "reportedCurrency": "USD",
            "totalRevenue": "40359000",
            "totalOperatingExpense": "39994000",
            "costOfRevenue": "39366000",
            "grossProfit": "40359000",
            "ebit": "365000",
            "netIncome": "238000",
            "researchAndDevelopment": "0",
            "effectOfAccountingCharges": "0",
            "incomeBeforeTax": "365000",
            "minorityInterest": "0",
            "sellingGeneralAdministrative": "0",
            "otherNonOperatingIncome": "None",
            "operatingIncome": "365000",
            "otherOperatingExpense": "39994000",
            "interestExpense": "361000",
            "taxProvision": "None",
            "interestIncome": "None",
            "netInterestIncome": "None",
            "extraordinaryItems": "0",
            "nonRecurring": "0",
            "otherItems": "0",
            "incomeTaxExpense": "127000",
            "totalOtherIncomeExpense": "0",
            "discontinuedOperations": "0",
            "netIncomeFromContinuingOperations": "238000",
            "netIncomeApplicableToCommonShares": "138000",
            "preferredStockAndOtherAdjustments": "100000"
        }
    ]
}